3040 4810
758 339 800 404 m
913 431 915 436 .

236 525 333 609 nique
362 523 497 590 edentur
507 521 570 610 ⁴⁷)‘.
601 519 739 602 Quibus
762 543 780 586 e
799 522 908 588 uerbis
931 545 1003 588 cum
1025 515 1141 610 scripta
1162 522 1225 588 siut
1251 546 1283 594 a.
1300 523 1331 588 d.

235 629 307 696 Vll.
327 629 376 696 Id.
404 630 511 712 Quint.
534 630 737 714 crooox,
768 654 828 724 pro
852 641 938 698 certo
966 632 1160 698 concludere
1180 630 1256 696 licet
1278 629 1331 696 Ci-

236 761 384 806 seronem
406 762 487 826 quae
501 741 818 829 promisitperficere
834 741 987 823 uoluisse,
1008 762 1070 806 nec
1090 762 1169 806 uero
1191 761 1331 832 unquam

234 871 271 917 rc
293 871 371 915 uera
391 850 595 936 perfecisse..
620 849 832 940 Septuaginta
857 850 940 916 enim
955 849 1121 936 epistulae,
1145 870 1332 938 quaequet-

234 965 299 1022 tum
319 957 387 1024 iere
408 967 530 1044 purtem
565 977 672 1024 esrum
701 959 861 1039 efficiunt,
894 978 970 1050 quas
998 957 1096 1022 hodie
1127 957 1161 1022 in
1189 955 1330 1022 sedecim

234 1064 324 1132 libris
348 1087 422 1153 epp.
442 1065 483 1132 ad
506 1068 579 1134 fam.
603 1067 759 1134 conlectus
787 1067 942 1136 habemus
973 1106 1016 1116 --
1046 1075 1141 1152 quota
1164 1087 1236 1152 pars
1263 1063 1331 1128 illa·

235 1194 305 1238 rum
329 1184 425 1258 erunt,
447 1176 535 1241 unde
554 1176 613 1242 hos
632 1177 732 1242 libros
757 1177 876 1244 electos
900 1171 971 1241 esse
993 1175 1128 1242 scimusl
1173 1172 1253 1254 Quis
1277 1195 1333 1238 cu-

233 1291 299 1348 tem
312 1281 502 1354 Ciceronem
522 1295 686 1372 postremo
706 1267 792 1352 uitae
815 1305 897 1351 anno
920 1284 1065 1362 omnibus
1087 1285 1184 1348 rebus
1204 1290 1330 1368 pertur-

234 1391 314 1458 batis
337 1401 461 1460 tantum
484 1395 692 1482 epistularum
714 1417 881 1462 numerum
905 1394 1095 1480 conlegisse,
1112 1391 1330 1481 perspexisse,

235 1501 421 1568 correxisse
442 1502 558 1589 putet?
601 1503 647 1568 At
667 1503 744 1590 quid
760 1503 831 1570 dico
843 1511 1040 1589 postremum
1056 1502 1138 1568 uitae
1160 1523 1279 1566 anuum
1292 1537 1332 1552 -u

234 1609 330 1674 immo
354 1610 523 1696 postremis
544 1613 706 1678 mensibus
728 1612 1048 1696 hebdomadibusquc
1062 1634 1135 1677 eum
1156 1610 1204 1675 his
1217 1609 1330 1676 studiis

233 1718 416 1785 incubuisse
435 1743 562 1786 sumere
585 1721 787 1803 deberemus,
812 1744 884 1788 cum
905 1721 967 1807 ipsi
979 1721 1154 1786 habeamus
1178 1741 1258 1805 quae
1279 1718 1329 1782 lit-

234 1837 321 1894 terae
341 1828 449 1914 paucis
471 1829 633 1897 mensibus
651 1840 725 1898 ante
749 1833 816 1898 eius
838 1831 957 1898 obitum
977 1829 1113 1918 scriptae
1135 1828 1207 1894 sint.
1251 1826 1330 1908 Qui-

235 1954 369 2024 cumque¹
391 1947 495 2006 sutem
520 1936 686 2006 Ciceronis
708 1941 935 2019 recordantur,
961 1929 1054 2025 quam
1076 1937 1193 2002 misere
1215 1935 1332 2002 sollici-

235 2055 294 2129 tus,
318 2057 514 2132 quantopere
533 2051 734 2134 perturbatus
758 2048 813 2113 illo
836 2057 980 2134 tempore
1002 2047 1113 2128 luerit,
1152 2047 1192 2110 de
1213 2045 1328 2112 talibus

234 2177 275 2220 ue
298 2157 437 2242 cogitare
460 2157 590 2243 quidem
612 2157 710 2222 licere
734 2158 919 2224 concedent.
946 2157 1044 2250 ¹Adde
1055 2155 1239 2241 neglectum
1264 2154 1330 2242 epi-

233 2263 385 2330 stularum
408 2262 564 2348 ordinem,
588 2247 714 2351 qualem
727 2263 842 2331 Cicero
863 2285 1062 2350 nequaquem
1087 2263 1220 2344 tulisset,
1243 2260 1329 2328 adde

236 2373 393 2459 denique,
424 2375 511 2461 quod
533 2398 573 2442 ne
597 2384 778 2462 congruunt
801 2373 930 2458 quidem
952 2371 1186 2462 'diuulgatarum
1210 2370 1325 2457 epistu-

233 2482 335 2549 larum
357 2485 498 2550 rationes
524 2507 594 2550 cum
616 2482 772 2550 illoTulli
792 2481 922 2558 consilio
941 2481 1094 2568 -uiuo
1117 2477 1332 2546 Cicerone

237 2590 446 2676 epistulas
471 2592 608 2658 editas
630 2615 710 2660 non
734 2613 826 2670 esse
844 2590 1076 2676 intellegimus.

317 2698 383 2764 Iam
405 2699 433 2766 si
454 2700 628 2766 accuratius
651 2698 838 2788 inquirimus
869 2701 902 2766 iu
930 2701 1022 2774 illum
1042 2700 1241 2785 ,neglectum
1263 2699 1330 2784 epi·

234 2807 386 2876 stularum
407 2809 447 2874 ad
467 2809 563 2875 Attic.
587 2810 753 2893 ordinem‘,
777 2831 872 2902 quem
901 2809 1027 2896 saepius
1058 2809 1162 2876 adhuc
1193 2829 1329 2892 commc-

234 2917 438 2998 morauimus,
462 2937 526 2980 ucn
547 2917 620 3002 plus
643 2915 783 3002 quinque
804 2915 902 2983 libros
925 2915 966 2986 ita
980 2916 1177 3001 compositos.
1191 2935 1261 2996 esse
1282 2915 1329 2978 ui·

235 3024 358 3106 demus,
379 3033 416 3088 ut
435 3024 498 3090 diei
521 3047 582 3110 quo
607 3046 751 3110 quaeque
774 3025 897 3089 litterae
920 3024 1036 3088 missae
1051 3032 1166 3106 essent,
1189 3024 1267 3087 ratio
1290 3022 1331 3086 sit

234 3132 348 3198 naut..
401 3131 488 3216 Quid
513 3134 598 3220 quoe
620 3155 661 3198 ne
683 3133 716 3198 in
746 3132 795 3198 ns
827 3133 956 3220 quidem
986 3113 1125 3218 quinque
1153 3131 1242 3197 nuru
1270 3132 1332 3218 (est

237 3240 389 3326 quintum,
401 3233 580 3329 septimum,
595 3251 750 3324 octauum,
767 3264 896 3323 nonum,
914 3240 1085 3328 decimum)
1109 3241 1214 3305 omnia
1235 3239 1277 3306 ita
1298 3260 1333 3304 se

235 3348 362 3434 habent,
384 3359 420 3414 ut
444 3350 637 3416 dubitatione
651 3360 779 3418 careant
789 3351 849 3436 *ἢκ
872 3359 1050 3416 ceterorum
1074 3348 1227 3436 epistulae
1249 3347 1331 3414 eliac

234 3456 337 3544 magis
365 3456 433 3524 aliis
463 3457 642 3545 permixtae
665 3468 738 3524 sunt
765 3467 859 3543 atque
893 3458 1053 3546 confusae.
1107 3455 1222 3544 Neque
1251 3477 1330 3522 uero

233 3566 318 3632 hunc
338 3567 556 3652 perturbatum
580 3565 726 3648 ordinem
747 3566 824 3632 solis
838 3565 974 3662 librariis
990 3565 1130 3634 tribucre
1151 3565 1236 3646 licet,
1261 3581 1332 3632 cum

307 3853 351 3922 47)
373 3850 452 3920 Quod
470 3851 546 3908 cod:
565 3852 674 3921 ,inistsr
696 3891 702 3906 .
722 3893 728 3908 .
750 3893 757 3906 .
779 3852 942 3923 Equidem.
1022 3851 1163 3906 sumenda‘
1186 3851 1240 3906 hoc
1264 3849 1334 3906 nihil

236 3949 271 4004 ed
289 3966 353 4020 nos,
380 3950 454 4020 quod
476 3955 569 4006 autem
595 3951 630 4026 ad
655 3967 714 4006 rem
737 3951 826 4020 ipsam
850 3950 953 4004 attinet
978 3949 1013 4006 cf.
1038 3949 1074 4004 sd
1095 3947 1332 4003 Att.1111.6.4:

235 4045 398 4115 ,Epistulam
413 4046 533 4102 Lucceio
552 4064 626 4102 nunc
645 4063 728 4116 quam
744 4047 808 4100 misi
827 4086 855 4100 ..
875 4087 881 4100 .
907 4045 951 4100 sec
969 4051 1002 4102 ut
1019 4046 1054 4101 ab
1073 4062 1106 4100 eo
1125 4062 1229 4100 sumas:
1251 4043 1333 4098 ualde

236 4142 310 4198 bella
326 4144 386 4198 sst‘
433 4187 434 4192 .
823 4183 826 4190 .

307 4240 352 4308 rs)
372 4238 412 4294 cr.
432 4239 466 4294 ce
487 4239 596 4296 enter
613 4241 631 4294 1.
642 4205 862 4310 commodem·
873 4239 935 4306 aer,
950 4239 1101 4320 saa-seo,
1120 4239 1182 4307 sse,
1195 4239 1256 4308 eso,
1267 4237 1330 4294 erc.
