3040 4810
718 337 876 470 342²
1082 329 1149 355 ”

232 540 320 613 sima.
373 547 494 628 Quarto
518 547 656 630 denique
680 550 751 614 loco
774 549 974 616 Hofmannus
993 552 1044 616 his
1068 531 1323 640 pergituerbis:

225 658 310 740 ,dass
334 657 462 723 endlich
485 681 540 722 aus
571 657 633 722 den
665 682 724 724 uns
753 683 814 724 nur
837 661 910 724 dem
935 660 1060 726 Nomen
1082 663 1163 729 nach
1186 645 1325 731 bekannt

201 766 445 855 'gewordcnen
467 765 717 853 Sammlungen,
752 770 784 832 in
813 770 919 834 denen
941 770 1058 856 gowiss
1090 772 1176 836 viole
1209 773 1323 839 hoohst

226 876 493 961 ausgozeichnete
505 878 614 942 Briefe
630 878 697 944 sich
710 879 839 960 fenden,
851 879 1166 969 ¹verhtiltnissmttssig
1187 905 1247 947 nur
1258 905 1320 948 wc-

226 987 312 1072 nige,
334 987 404 1050 urid
423 1010 479 1051 aus
505 987 568 1052 den
589 986 721 1070 Briefen
743 1011 783 1052 an
794 988 918 1055 Atticus
941 989 1007 1054 und
1032 989 1168 1070 Quintus
1194 975 1320 1073 Cicero,

117 1119 140 1152 ·.
227 1097 327 1161 deren
350 1096 503 1182 Vorztige
530 1096 589 1160 wir
616 1121 672 1162 aus
703 1097 816 1182 eigncr
838 1098 1066 1184 Ansohauung
1086 1101 1230 1182 konnen,
1262 1085 1322 1186 gar

227 1203 321 1269 kcinc
342 1204 374 1268 in
396 1227 492 1269 unsre
516 1197 716 1290 Sammlung.
730 1207 978 1291 aufgcnommen
1001 1206 1096 1272 sind!
1144 1207 1217 1276 Sed.
1244 1211 1321 1296 quid

225 1312 351 1394 mirum,
374 1314 459 1398 quod
480 1314 518 1394 is,
543 1335 637 1399 quem
658 1323 705 1378 tot
721 1314 819 1380 libros
841 1309 1044 1402 excerpsisse.
1063 1315 1219 1401 uidemus,
1242 1340 1320 1383 non·

225 1423 330 1488 nullos
352 1423 590 1508 praetermisit?
628 1423 742 1490 Multas
764 1447 820 1490 cur
839 1425 901 1489 hoc
923 1425 1037 1493 factum
1061 1425 1100 1522 sit
1114 1449 1243 1514 caussas
1263 1427 1320 1492 tin-

228 1553 308 1618 gere
329 1553 516 1617 possumus;
536 1539 709 1618 potuerunt
722 1533 805 1597 enim
831 1532 906 1597 illae
923 1523 1077 1618 epistulae
1100 1533 1133 1597 in
1156 1534 1321 1599 consilium

227 1641 294 1709 eius
317 1663 382 1704 non
403 1640 569 1727 quadrare,
595 1635 766 1726 potuerunt
786 1643 859 1728 plns
874 1642 1127 1728 quadringentae
1150 1665 1225 1728 quas
1249 1635 1322 1708 eon·

101 1771 107 1784 ·
225 1750 352 1835 legerat
375 1749 404 1814 ci
426 1749 499 1814 satis
523 1771 603 1815 esse.
648 1749 733 1831 Quid
759 1751 786 1816 si
809 1751 881 1815 illos
905 1751 1004 1817 libros
1026 1773 1203 1838 excerpere
1233 1753 1261 1816 ei
1281 1775 1322 1817 ne

226 1856 358 1942 contigit
380 1857 535 1942 quidem?
569 1857 644 1942 quid
679 1858 704 1921 si
735 1880 789 1922 eos
823 1858 892 1944 ipso
917 1859 1062 1946 possedit
1087 1858 1191 1946 (quod
1212 1858 1245 1923 in
1270 1880 1321 1945 ep.

224 1967 264 2032 ad
280 1965 389 2046 Quint.
410 1967 448 2029 fr.
473 1965 563 2044 etad
588 1965 684 2031 Attio.
709 1967 823 2032 cadere
844 1969 958 2054 puto),
983 1976 1017 2030 ut
1041 1989 1097 2032 cur
1119 1989 1161 2032 ex
1183 1967 1229 2058 cis
1255 1967 1321 2054 epi-

224 2075 322 2138 stulas
346 2083 487 2140 sumeret
508 2097 572 2139 non
600 2075 710 2139 esset?
768 2073 856 2155 Quid
877 2074 903 2139 si
926 2097 1005 2160 quae
1028 2086 1180 2160 excerpta
1202 2087 1322 2162 tempo·

227 2205 298 2248 rum
319 2183 482 2268 iniquitate
504 2183 692 2269 perierunt?
720 2183 816 2264 Quod
837 2184 1168 2269 deniqucHofmanno
1191 2185 1321 2272 ep.V.'i

228 2292 338 2356 utilia
367 2313 460 2376 quam
484 2290 599 2358 Cicero
627 2293 666 2356 de
695 2293 857 2358 consulatu
889 2314 946 2356 suo
971 2292 1122 2379 Pompeio
1151 2295 1253 2376 misit,
1292 2304 1323 2358 ot

226 2403 296 2487 ipsa
316 2401 348 2464 in
373 2398 560 2487 excerptum
583 2401 780 2487 reciperetur
804 2401 964 2486 flagitasse
988 2401 1129 2466 uidetur:
1152 2401 1233 2468 hano
1256 2403 1321 2488 cpi-

225 2511 339 2576 stulam
363 2510 401 2600 V,
423 2511 441 2574 7
466 2512 557 2575 etiam
582 2509 713 2576 absente
736 2510 790 2576 illa
813 2511 1040 2598 intellegimus,
1063 2512 1180 2586 multae
1201 2511 1241 2602 ad
1263 2513 1322 2576 At·

228 2618 323 2685 ticum
348 2619 484 2706 scriptae
507 2641 572 2683 non
589 2621 663 2684 satis
689 2619 932 2705 intelleguntur,
953 2641 1015 2685 nec
1036 2642 1113 2685 uero
1135 2620 1233 2686 Attici
1255 2621 1321 2706 epi-

224 2729 321 2794 stulas
343 2751 481 2814 unquam
498 2729 676 2815 diuulgatas
701 2753 771 2794 osse
798 2731 858 2795 erit
881 2729 933 2814 qui
955 2739 1052 2816 putet
1075 2728 1246 2794 Praeterea
1266 2730 1323 2794 illa

225 2860 318 2924 quam
349 2837 549 2903 Hofmannus
582 2839 743 2903 desiderat
763 2838 897 2924 epistula
935 2840 1068 2903 fortasse
1109 2839 1164 2904 uel
1191 2846 1325 2925 propter

225 2946 460 3036 longitudinem
483 2954 612 3034 recepta
632 2969 696 3010 non
720 2956 767 3010 est
791 2949 845 3033 (cf.
866 2947 965 3012 schol.
989 2946 1056 3013 Cio.
1080 2947 1161 3013 Bob.
1186 2970 1240 3034 pg.
1256 2947 1320 3012 270

226 3056 302 3122 On:
323 3077 400 3138 ,non
422 3055 619 3121 mediocrem
641 3055 801 3120 adinstar
823 3054 994 3120 uoluminis
1017 3056 1205 3144 scriptam‘).

310 3163 401 3244 Quae
421 3162 595 3228 Hofmanni
626 3163 827 3228 coniecturae
856 3163 943 3250 (epp.
974 3163 1014 3226 ad
1043 3163 1117 3228 iam.
1146 3173 1220 3228 ante
1247 3164 1321 3230 illos

224 3271 395 3357 ampliores
416 3271 515 3338 libros
540 3271 640 3336 editas
663 3292 734 3336 esse
750 3273 851 3358 putat)
875 3279 1065 3358 repugnant,
1090 3293 1127 3336 ca
1148 3293 1244 3358 supra
1266 3294 1321 3337 ex-

224 3379 375 3468 plicuisse
398 3380 473 3445 mihi
492 3381 606 3446 uideor
636 3379 690 3466 (cf.
712 3389 841 3466 praeter
862 3388 969 3446 cetera
991 3402 1072 3466 quac
1098 3379 1139 3445 de
1163 3379 1321 3469 dissipatis

226 3489 381 3572 Caesaris,
406 3489 505 3574 Cassi,
529 3489 663 3555 aliorum
686 3489 847 3576 epistulis,
878 3491 919 3554 de
941 3490 1063 3556 ratione
1087 3513 1147 3576 qua
1173 3491 1321 3576 diuulga-

226 3610 276 3664 tao
299 3610 380 3681 sunt,
405 3599 446 3664 de
467 3597 553 3665 libro
574 3600 667 3664 tertio
690 3600 815 3665 decimo
840 3599 1025 3687 disputaui).

655 3893 896 3901 m

472 4249 631 4261 --,---.-.---Ι

531 4279 659 4346 Bonnae,
677 4277 774 4333 formis
792 4276 883 4332 Caroli
903 4277 1013 4349 Georgi.
