3040 4810
769 329 809 394 16

246 529 339 594 quam
360 509 556 578 uerisimile
579 520 643 594 est,
666 531 721 580 eos
754 533 851 600 saepe
878 520 942 577 tam
971 531 1088 597 paucas
1113 512 1266 598 epistulas
1287 535 1338 578 co-

121 690 123 698 s
245 639 324 704 gere
345 618 488 705 potuisse
506 618 638 704 scriptas
667 619 709 686 ad
729 621 835 703 uiros,
869 619 1056 705 quibuscum
1081 617 1230 686 Ciceroni
1260 623 1340 686 mul·

244 736 311 792 tum
328 727 490 795 scribendi
516 749 610 792 usum
638 747 850 814 magnamque
881 725 1125 792 familiaritatem
1154 728 1253 794 luisse
1282 728 1340 794 sci·

243 855 324 902 mus.
353 837 456 901 lmmo
478 835 548 903 illas
571 835 721 922 epistulas
742 847 774 904 et
794 837 879 923 ipsas
903 835 978 902 olim
1000 836 1055 901 uel
1076 836 1219 922 integros
1241 836 1340 904 libros

242 943 298 1009 uel
328 944 481 1010 maiorem
510 943 646 1029 aliquam
680 945 836 1026 librorum
866 953 991 1028 partem
1024 943 1169 1010 effecisse
1200 944 1341 1030 indeque

244 1073 321 1138 quas
345 1075 403 1119 uos
425 1053 579 1118 habemus
603 1052 735 1120 selectas
772 1075 843 1120 csse
874 1073 1002 1118 sumere
1027 1053 1191 1120 debemus.
1222 1091 1264 1102 -
1291 1053 1340 1118 Eo

246 1160 376 1245 quidem
406 1162 540 1230 fortasse
561 1160 769 1244 inclinemus,
795 1171 830 1226 ut
853 1170 1002 1248 prompto
1024 1164 1127 1228 animo
1150 1163 1176 1228 ei
1198 1183 1339 1248 magnus

243 1270 450 1356 epistularum
471 1293 623 1336 numerus
645 1272 685 1336 ad
709 1271 847 1336 eundem
875 1270 979 1336 uirum
1011 1272 1127 1338 eodem
1158 1294 1241 1338 anno
1264 1261 1339 1338 sori-

241 1388 367 1467 ptarum
387 1381 520 1446 traditus
542 1381 600 1464 sit,
633 1403 707 1446 eum
735 1381 899 1466 integrum
920 1402 990 1446 esse
1018 1390 1165 1468 putemus
1185 1403 1251 1446 non
1273 1382 1339 1467 qui-

244 1487 318 1554 dem
341 1487 430 1553 illum
451 1487 539 1554 initio
564 1488 762 1574 diuulgatum
776 1487 829 1578 ²⁷),
851 1489 911 1556 sed
925 1490 978 1575 qui
1001 1499 1102 1556 totum
1121 1490 1239 1556 librum
1263 1489 1339 1556 effe·

246 1597 325 1662 oerit
346 1607 440 1684 atquc
465 1607 676 1684 quotcumque
699 1598 853 1685 epistulae
878 1597 950 1665 eius
967 1599 1040 1664 anni
1066 1597 1220 1680 fuissent,
1244 1598 1341 1663 conti·

243 1705 355 1771 nuerit.
401 1706 499 1788 Quod
520 1707 547 1772 si
567 1707 609 1772 its
631 1715 715 1772 esset
729 1707 857 1792 integer
872 1707 955 1772 liber
975 1707 1008 1772 in
1027 1716 1179 1794 excerpta
1192 1715 1340 1793 receptus

245 1831 344 1901 esset3
368 1827 400 1884 at
421 1820 545 1884 obstant
567 1816 716 1904 exempla
739 1837 781 1880 ex
803 1816 848 1882 eis
870 1815 971 1899 libris,
994 1837 1073 1902 quos
1098 1824 1251 1902 excerpta
1266 1836 1338 1882 esse

244 1937 410 2017 procerte
435 1926 569 2007 scimus,
599 1925 707 2012 petita.
753 1924 892 1992 (lederet
919 1925 1003 1990 enim
1031 1924 1111 1991 illud
1133 1924 1166 1988 in
1189 1923 1340 2010 epistulas

245 2041 286 2106 ad
308 2037 486 2126 Sulpicium
500 2034 685 2102 Lemoniam
709 2034 816 2120 (XIII.
835 2034 1012 2123 17—28·)‚
1031 2055 1112 2118 quac
1127 2055 1237 2098 omnes
1259 2051 1341 2098 anno

244 2145 440 2216 IOOOVIII.
461 2145 596 2232 scriptae
618 2153 691 2211 sunt
715 2179 753 2192 —-
775 2146 833 2211 sed
856 2165 907 2231 ep.
922 2145 1002 2212 IIII.
1024 2143 1096 2229 4²⁸)
1120 2142 1234 2208 eodem
1259 2161 1342 2206 anno

244 2263 286 2326 ad
311 2261 448 2327 eundem
470 2259 542 2324 data
565 2267 621 2324 est.
645 2296 681 2308 -
716 2257 827 2341 ltaque
850 2278 921 2321 eum
944 2275 1025 2339 qnae
1047 2255 1173 2318 obstare
1192 2248 1343 2314 uidentur

243 2369 335 2435 nihili
356 2371 419 2434 sint
441 2387 575 2452 cumque
589 2351 669 2449 quae
690 2365 786 2428 modo
809 2361 1125 2428 commemorauimus
1145 2357 1253 2444 magni
1274 2378 1341 2422 mo·

245 2481 343 2548 menti
375 2501 446 2546 esse
472 2479 641 2544 rideantur
669 2497 792 2540 summo
823 2475 893 2557 iure
924 2472 1154 2538 duodecim
1184 2470 1336 2558 primos

246 2593 384 2670 libres
410 2611 503 2675 epp.
535 2588 586 2652 ad
615 2587 708 2651 lam.
742 2607 885 2650 omnes
914 2583 1190 2667 excerpendo
1219 2590 1332 2646 ortos

246 2721 338 2766 esse
361 2706 544 2764 statuemus.
1230 2775 1233 2781 Ι

329 2807 410 2876 Oum
426 2827 505 2872 uero
519 2813 667 2870 neutrum
680 2811 903 2889 argumentum
914 2800 1138 2886 grauissimum
1152 2798 1186 2862 in
1206 2797 1335 2864 libros

246 2919 378 2986 XIIII
413 2926 451 2982 et
469 2915 569 2982 XVI
596 2914 704 2995 cadat,
735 2912 853 2998 quippe
873 2912 927 2996 qui
948 2932 1019 2976 cum
1042 2907 1208 2974 interiecto
1230 2908 1251 2972 l.
1274 2906 1338 2972 XV

243 3049 342 3094 unum
371 3047 486 3111 corpus
520 3046 585 3089 non
614 3022 757 3088 efficiant·
784 3020 835 3109 (id
866 3021 952 3106 quod
979 3041 1056 3085 mox
1086 3018 1339 3105 intellegemus),

242 3157 348 3222 neque
369 3144 416 3202 est
437 3155 499 3221 quo
524 3134 776 3199 demonstremus
811 3150 866 3195 eos
891 3139 1043 3215 excerpta
1078 3151 1167 3210 esse,
1202 3149 1263 3193 neo
1286 3147 1342 3192 our

246 3266 300 3310 eos
320 3265 380 3329 pro
402 3242 492 3310 libris
513 3241 714 3328 primigeniis
735 3242 909 3306 habeamus
922 3237 972 3321 ²⁹).

246 3443 441 3452 ———-—-—

316 3572 361 3641 27)
376 3571 532 3626 Potuerunt
549 3569 623 3623 enim
639 3568 729 3622 editae
750 3583 809 3623 ease
828 3567 964 3638 epistulae
982 3567 1037 3622 alic
1054 3583 1127 3622 anuo
1146 3566 1281 3638 scriptae,
1305 3567 1341 3623 cf.

245 3662 279 3716 ll.
300 3662 387 3716 1-24
405 3657 555 3728 (Ciceronis
574 3661 603 3710 et
611 3656 706 3710 Planci
724 3656 798 3726 sunt)
815 3655 881 3711 enni
899 3655 1012 3710 Ioccx.
1033 3660 1062 3710 et
1073 3654 1196 3710 Iocoxr.
1216 3672 1278 3710 cum
1297 3673 1340 3729 ep.

246 3747 319 3804 XIII.
338 3751 372 3804 29
392 3746 428 3801 ad
445 3746 561 3801 eundem
580 3745 712 3800 Plancum
730 3763 754 3800 a.
773 3742 926 3799 locovru.
946 3745 1039 3799 misso.

317 3843 361 3914 28)
382 3843 421 3897 Cf.
440 3841 474 3896 de
496 3841 604 3898 Gruber
620 3842 639 3896 l.
650 3859 746 3896 comm.
765 3859 792 3912 p.
803 3845 846 3909 22,
865 3858 983 3910 quocum
1002 3842 1154 3898 consentio.
1181 3841 1278 3897 Tertia
1296 3859 1342 3896 au·

247 3938 305 3990 tem
322 3933 444 3989 eiusdem
461 3932 527 3987 libri
542 3931 663 4002 epistula
677 3937 771 3986 utrum
787 3935 817 3985 et
827 3931 888 4000 ipsa
905 3947 929 3986 a.
940 3927 1093 3988 roccum.
1112 3948 1147 3986 en
1164 3949 1188 3987 e.
1201 3927 1340 3986 Iocovll.

247 4024 351 4093 scripta
369 4021 413 4088 sit,
433 4020 572 4074 enucleari
589 4037 645 4074 non
661 4025 763 4091 potest.

319 4121 363 4188 29)
384 4116 465 4184 Quod
474 4117 576 4172 attinet
593 4116 629 4170 ad
645 4113 834 4172 librumXIlII
851 4116 940 4187 priori
958 4116 1083 4188 opinioni
1100 4114 1256 4172 fauetlleili
1275 4129 1340 4166 con·

249 4217 356 4270 iectura
374 4230 457 4294 supra
477 4229 575 4266 comm.
596 4213 635 4280 (in
648 4213 774 4269 Diomed.
792 4213 985 4317 932352127),
1001 4214 1084 4272 altari
1101 4212 1181 4268 huius
1199 4208 1264 4265 libri
1284 4207 1340 4278 api·
1365 4302 1367 4306 Ι
