3040 4810
760 351 802 414 40

315 534 424 599 Restat
446 541 481 597 ut
502 555 564 618 quo
586 543 731 618 tempore
748 531 913 599 Ciceronis
935 534 1090 619 epistulae
1109 544 1144 614 et
1163 557 1240 620 quas
1260 538 1325 602 ele·

231 651 294 707 ctas
315 643 470 706 habemus
494 650 526 707 et
546 641 630 724 illae,
655 641 802 728 equibus
824 665 923 728 pauca
939 652 1058 710 tantum
1080 645 1180 710 uerba
1202 646 1243 716 ad
1266 667 1324 710 nos

229 760 464 839 peruenerunt,
498 751 765 836 interierint,
805 775 1001 838 quaeramus.
1057 753 1192 819 Illorum
1220 764 1324 820 autem

230 863 440 950 scriptorum,
479 885 557 949 quos
582 861 747 928 Ciceronis
774 862 925 949 epistulas
955 862 1039 950 ipsas
1068 861 1180 927 »adisse
1212 872 1324 950 putare

229 973 324 1056 licet,
347 980 528 1062 postremus
557 973 627 1036 fere
650 971 770 1038 Fronto
793 995 829 1037 se
853 971 1004 1060 epistulas
1027 972 1068 1036 ad
1090 972 1222 1054 Axium,
1243 973 1324 1038 Bru·

230 1091 307 1165 tum,
332 1082 411 1148 alios
435 1080 637 1168 excerpsisse
661 1089 888 1150 commemorat
904 1081 954 1166 ⁸²).
978 1080 1060 1148 Cum
1081 1080 1180 1167 igitur
1202 1081 1243 1146 de
1264 1081 1322 1146 illo

229 1190 382 1279 temporis
403 1197 564 1256 momento
588 1189 665 1254 certi
686 1188 765 1254 nihil
788 1188 924 1274 amplius
948 1189 1100 1272 sciamus,
1129 1199 1234 1254 tamen
1257 1189 1324 1276 epi-

230 1301 338 1382 stulas,
361 1299 538 1384 dequibus
562 1298 704 1383 agimus,
735 1297 841 1365 baud
870 1299 926 1364 ita
951 1299 1077 1364 multo
1098 1309 1190 1385 post
1212 1297 1325 1366 Gelli

231 1419 410 1477 aetatem
433 1407 503 1474 ueri
528 1407 724 1474 simillimum
747 1417 795 1474 est
813 1408 859 1474 sic
878 1408 1041 1491 interisse,
1071 1418 1106 1474 ut
1132 1431 1237 1494 neque
1259 1433 1324 1474 am·

230 1519 315 1605 plius
337 1507 544 1583 tractarentur
565 1542 625 1584 nec
641 1517 909 1584 describerentur.
952 1517 1108 1606 Perpauci
1125 1519 1209 1584 enim
1232 1521 1326 1585 tertio

231 1629 262 1715 p'.
286 1627 344 1694 Cb.
366 1631 476 1692 seculo
499 1638 587 1694 erant
607 1628 781 1693 litterarum
793 1628 936 1711 studiosi,
962 1627 1016 1712 qui
1034 1628 1138 1702 fontes
1151 1628 1238 1716 ipsos
1260 1629 1327 1694 adi·

150 1751 151 1754 ’
230 1741 317 1817 rent3
342 1737 476 1822 quodsi
499 1737 568 1823 quis
592 1739 697 1804 facere
719 1735 831 1819 uoluit,
857 1738 886 1802 ei
908 1737 964 1802 illa
986 1737 1157 1803 electarum
1179 1737 1328 1824 epistula-

230 1867 302 1910 rum
323 1869 457 1934 corpora
479 1848 553 1911 satis
577 1846 743 1930 materiae,
778 1848 828 1912 cui
860 1855 891 1915 et
919 1847 1040 1912 facilius
1071 1855 1102 1912 et
1130 1848 1328 1913 commodius

233 1977 363 2042 operam
385 1966 526 2038 acueret,
550 1957 778 2040 praebuerunt.
821 1956 901 2025 lude
925 1958 1040 2022 fuctum
1063 1964 1121 2038 est,
1141 1964 1177 2020 ut
1199 1977 1235 2022 ea
1257 1957 1327 2042 *qui-

233 2069 292 2132 bus
314 2063 523 2132 ianr'Gellius
552 2089 628 2130 usus
658 2074 741 2131 osset
779 2075 931 2153 excerpta
958 2065 999 2130 ad
1022 2088 1079 2130 nos
1103 2065 1323 2152 peruenirent,

231 2174 345 2262 quibus
379 2174 534 2260 singulari
569 2175 725 2241 beneficio
759 2177 885 2240 fortuna
914 2173 1014 2240 libros
1047 2174 1254 2260 epistularum
1286 2175 1328 2240 ad

230 2285 426 2372 Atticum⁸³)
449 2285 581 2368 addidit,
604 2296 639 2351 ut
664 2310 704 2352 ex
728 2287 791 2352 illis
816 2296 916 2372 quot
931 2285 1080 2354 Ciceroni
1102 2285 1236 2351 fuissent
1258 2286 1327 2374 epi-

230 2393 384 2458 stularum
399 2395 597 2478 commercia,
620 2417 662 2460 cx
674 2395 724 2460 bis
740 2395 883 2481 qualia
905 2396 1040 2462 fuissent
1051 2395 1196 2462 conicere
1208 2395 1330 2460 liceret.

301 2665 345 2733 82)
364 2665 439 2719 Loco
458 2667 567 2736 saepius
587 2669 723 2721 tractato:
744 2683 806 2737 epp.
826 2667 862 2721 ad
883 2666 1016 2720 Antonin.
1035 2663 1070 2718 II.
1093 2669 1118 2720 5.

302 2761 348 2828 83)
367 2761 434 2816 Sero
453 2761 574 2816 cumbis
599 2763 731 2834 epistulas
750 2763 785 2818 ad
803 2763 935 2830 Quintum
954 2763 987 2816 fr.
1007 2761 1168 2818 coniunctas
1187 2779 1247 2816 esse
1265 2780 1331 2817 cum

230 2857 299 2912 ordo
317 2859 404 2927 qualis
429 2863 472 2913 est
498 2857 528 2914 in
546 2860 606 2914 cod.
625 2857 699 2913 Med.
727 2857 772 2928 (ad
791 2857 828 2912 M.
848 2859 965 2912 Brutum
982 2857 1053 2912 liber
1072 2857 1219 2928 singularis
1241 2889 1272 2896 -
1294 2859 1332 2913 ad

231 2953 262 3022 Q.
280 2955 358 3010 fratr.
376 2955 442 3011 libri
459 2956 498 3010 lll
525 2987 559 2996 -
586 2956 706 3027 epistula
735 2954 771 3008 ad
789 2953 972 3010 Octauianum
1002 2985 1034 2994 -—
1063 2953 1099 3008 ad
1116 2954 1243 3009 Atticum
1261 2955 1329 3010 libri

229 3051 301 3120 XVI)
322 3051 412 3117 docet,
430 3055 490 3106 tum
509 3059 578 3120 quae
598 3051 647 3105 Th.
655 3049 852 3105 Mommsenius
867 3050 905 3117 (in
914 3049 1076 3105 Zeltschrift
1092 3049 1111 3104 f.
1118 3048 1329 3105 Alterthumsw.

231 3145 309 3201 1847.
327 3146 376 3202 Nr.
397 3149 440 3204 99.
458 3147 587 3218 pg.785.)
606 3145 774 3221 disputauit,
796 3146 843 3216 qui
861 3146 890 3200 in
908 3145 1006 3201 codice
1024 3146 1175 3215 archetypo
1198 3145 1329 3216 epistula·

230 3261 292 3298 rum
310 3243 345 3298 ad
363 3242 489 3298 Atticum
508 3245 592 3298 alium
609 3261 739 3298 uersuum
757 3261 902 3298 numerum
919 3242 1034 3312 singulis
1055 3241 1166 3312 paginis
1185 3241 1268 3296 llusse
1289 3245 1330 3296 at-

230 3358 283 3410 que
299 3340 330 3394 in
349 3340 498 3410 archetypo
520 3358 583 3412 epp.
602 3340 637 3394 ud
655 3340 787 3408 Quintum
803 3341 837 3395 fr.
858 3340 919 3394 ueri
934 3339 1022 3394 simile
1037 3353 1100 3394 esse
1118 3337 1329 3394 demonstrauit.
