3040 4810
691 348 694 354 ’
731 353 771 419 27
893 403 898 418 .

193 544 275 609 lium
296 541 330 604 iu
354 538 472 603 amisso
493 535 551 602 illo
576 535 681 624 capite¹
707 537 852 623 singulos
879 537 967 604 locos
997 561 1016 603 e
1038 538 1204 605 Ciceronis
1226 528 1293 628 epi-

192 650 285 716 stulis
308 648 523 732 congessisse,
549 647 618 731 quis
640 646 769 711 andem
792 631 1034 712 credat'eornsn
1053 669 1221 713 numerum
1242 670 1292 716 sc·

134 755 140 764 ’
189 757 361 848 ptoagiuta
381 777 563 843 superasse,
588 777 658 822 aum
680 755 715 818 in
735 755 866 840 reliquis
890 755 1094 841 undeuiginti
1116 756 1205 824 libris
1227 781 1293 823 non

135 937 137 942 ,
188 869 265 956 plas
287 877 353 932 tres
374 863 603 952 reperiantur?
646 862 728 944 Quis
741 861 921 945 hodetiam,
940 862 1081 930 Nonium
1095 865 1154 930 hos
1168 876 1293 954 septus-

112 973 118 986 '
190 972 503 1062 gintapotissimum
525 993 586 1058 per
608 981 706 1038 totum
729 993 844 1058 corpus
874 993 966 1036 suum
991 972 1187 1058 dissipasse?
1229 973 1293 1040 Ne·

190 1088 312 1152 minem
330 1095 410 1172 puto
433 1085 522 1164 fore,
558 1083 636 1167 quin
659 1081 799 1148 Nonium
828 1081 872 1146 ut·
890 1084 989 1147 multa
1010 1083 1071 1147 alia
1102 1083 1146 1148 ita
1173 1085 1233 1150 hos
1253 1087 1294 1152 tle

192 1195 307 1280 quibus
328 1193 455 1279 agimus
476 1191 569 1258 locos
591 1190 806 1277 grammaticis
826 1191 1016 1275 quibusdam
1047 1193 1138 1258 nobis
1161 1215 1293 1279 prorsus

190 1303 312 1390 ignotis
322 1303 365 1388 ⁴²)
388 1301 510 1366 debere
534 1299 697 1366 concedat.
747 1297 837 1364 Nihil
855 1293 956 1386 igitur
978 1299 1038 1364 nisi
1060 1301 1123 1366 hcc
1145 1326 1163 1366 a
1186 1299 1294 1370 Gellio

190 1422 223 1478 et
241 1411 352 1477 Nonio
374 1409 543 1474 discimus:
565 1408 802 1473 Antoninorum
823 1417 926 1472 aetate
947 1409 1085 1493 primum
1109 1422 1295 1499 excerptum

191 1519 414 1604 πρωτοτόκοις
440 1517 505 1582 illis
528 1517 619 1583 libris
648 1517 742 1582 latius
773 1519 939 1603 uulgatum
961 1518 1079 1601 fuisse,
1112 1543 1182 1584 cum
1215 1522 1296 1588 alter

188 1629 280 1696 Noni
301 1629 392 1719 lpcus
415 1625 461 1715 (p.
477 1627 551 1693 278.
571 1628 606 1712 5)
627 1647 760 1712 prorsus
782 1627 863 1692 nihil
885 1627 1008 1692 doceat
1060 1627 1186 1695 Eodem
1209 1632 1295 1697 enim

66 1819 69 1826 ¹
192 1738 266 1802 iure
287 1736 389 1818 illurn,
412 1736 466 1821 qai
488 1735 532 1800 Μ.
555 1734 643 1799 Tulli
665 1735 717 1799 ,p
731 1733 877 1801 Cassium
896 1737 997 1802 libros
1021 1737 1127 1804 adhuc
1147 1739 1294 1826 integros

183 1846 347 1912 'uacabat
373 1854 447 1910 ante
470 1843 557 1910 Gelli
580 1851 714 1908 aetatem
744 1852 882 1930 anteque
904 1846 1048 1930 perfecta
1076 1857 1228 1944 excerpta
1249 1850 1295 1914 ui-

192 1954 283 2018 xisse
304 1963 435 2034 statuas,
473 1973 536 2038 quo
560 1952 663 2017 eidem
696 1952 751 2016 uel
772 1953 945 2018 Antoninis
976 1953 1221 2040 imperatoribus
1242 1958 1297 2024 uel

193 2073 309 2150 postes
329 2061 423 2130 etiam
446 2061 607 2126 adnuente
617 2060 759 2126 Fortuna
771 2061 907 2148 integris
919 2063 983 2128 illis
995 2057 1084 2130 libris
1097 2065 1142 2129 uti
1157 2067 1297 2134 licuisse.

190 2171 277 2240 Nam
300 2172 445 2256 quidest
466 2193 523 2236 our
546 2189 705 2234 sumamus
731 2171 943 2258 primigenios
963 2173 1036 2238 illos
1063 2174 1163 2241 libros
1182 2175 1297 2243 eodem

185 2294 340 2370 'tempore
363 2281 435 2367 ipso
450 2301 562 2345 omnes
583 2279 728 2364 periisse,
752 2303 817 2366 quc
833 2293 986 2367 excerpta
1011 2283 1171 2371 diuulgari
1184 2295 1297 2374 coepta

192 2391 292 2458 sunt?
497 2393 500 2398 '

205 2525 214 2558 .·
278 2500 348 2571 Sed
372 2498 431 2564 etsi
448 2505 597 2564 ueterum
617 2497 797 2561 testimonia
817 2498 879 2563 ism
900 2520 958 2564 nos
982 2500 1154 2583 deserunt,
1187 2511 1294 2569 tamen

191 2609 329 2694 aliquid,
362 2609 423 2672 nisi
444 2607 550 2670 omnia
570 2625 622 2669 me
643 2605 776 2688 fallunt,
808 2615 947 2672 statuere
966 2607 1052 2674 licet.
1105 2607 1187 2676 Oura
1213 2611 1296 2676 enim

190 2719 288 2808 primi
317 2715 419 2783 seculi
440 2714 721 2802 grammaticorum
742 2715 853 2781 studiis
877 2739 1009 2804 prorsus
1033 2717 1172 2786 alienum
1202 2719 1299 2786 fucrit

193 2817 359 2895 Ciceronis
383 2825 535 2912 epistulas
560 2845 748 2910 excerpere,
773 2825 892 2914 quippe
916 2826 968 2912 qui
992 2827 1053 2916 ipsi
1074 2828 1150 2892 noui
1175 2825 1295 2914 aliquid

194 2937 357 3025 perficere
379 2932 539 3016 solerent,
563 2933 767 3022 excerpta
788 2933 865 2999 illa
896 2957 975 3021 quae
998 2937 1037 3002 ad
1060 2957 1117 3001 nos
1139 2957 1297 3026 peruene-

197 3056 272 3114 runt
297 3066 442 3132 quaeque
464 3044 675 3133 epistulas
699 3027 747 3108 a'd
769 3043 998 3111 familiares
1028 3045 1136 3114 dicere
1163 3067 1296 3114 consue·

198 3157 305 3232 uimus
324 3154 498 3218 ineunte
520 3153 657 3218 altero
678 3174 710 3239 p.
729 3151 796 3218 Oh.
812 3153 962 3220 seculo
984 3153 1181 3224 contacta
1203 3177 1296 3225 csse

193 3275 285 3354 puto.
330 3263 427 3345 Quod
449 3263 476 3327 si
499 3263 548 3327 ita.
566 3269 614 3326 est
635 3258 723 3328 Gelli
743 3269 845 3328 aetate
867 3261 940 3330 satis
963 3261 1127 3352 diuulgata
1149 3287 1219 3333 csse
1241 3287 1296 3354 po·

192 3361 331 3446 tuerent.
357 3375 558 3444 Grauissima
571 3383 681 3439 »autem
705 3395 824 3457 caussa,
849 3393 904 3440 aar
926 3371 981 3439 illo
996 3373 1196 3461 potissimam
1219 3383 1295 3442 tons·

192 3511 275 3576 pore
298 3496 451 3574 excerpta
476 3483 618 3550 confecta
639 3502 709 3548 csso
732 3479 893 3548 statuerim
916 3479 947 3548 in
965 3505 1002 3547 oo
1019 3489 1075 3566 cst,
1099 3481 1182 3570 quod
1196 3479 1295 3550 Fron·

191 3611 301 3666 tonem
325 3597 433 3686 ipsum
453 3591 618 3662 Ciceronis
641 3589 789 3678 epistulas
813 3589 844 3656 ia
869 3595 1020 3680 cxcssrpta
1048 3588 1215 3678 redegisse
1237 3589 1294 3657 sai·

190 3733 263 3775 mus
276 3707 329 3794 43).
375 3705 469 3787 Quae
489 3702 602 3768 eadem
624 3723 660 3766 ac
679 3705 786 3767 nostra
808 3719 942 3790 corpora
966 3719 1034 3763 asss-
1049 3717 1152 3786 ocqoc
1170 3705 1218 3766 ost
1240 3721 1296 3768 cur

227 3973 228 3980 ’
263 3967 309 4036 42)
327 3965 462 4020 Attamen
481 3958 626 4016 coascatto
646 3969 708 4013 suas
727 3951 773 4024 ets,
793 3951 839 4027 qut
857 3953 906 4012 tros
927 3953 1122 4026 grammaticos
1142 3957 1296 4017 Antonino·

188 4083 255 4123 rum
273 4065 367 4118 aetate
383 4059 489 4116 uixisse
507 4057 616 4128 putant.

261 4163 308 4224 43]
326 4159 444 4224 Locum,
462 4169 546 4224 queas
564 4167 632 4224 opas
650 4149 693 4200 ost
712 4147 801 4202 totum
822 4143 966 4219 adponam,
988 4145 1168 4210 issachabas:
1190 4153 1295 4212 Fronto

194 4259 234 4316 ad
251 4256 387 4314 Antania.
400 4254 436 4310 IL
456 4251 526 4324 aas
545 4246 598 4312 (sd.
617 4241 674 4303 aar
692 4241 787 4308 tratti
809 4239 931 4311 ‚Msatat
949 4259 993 4304 ass
1012 4247 1183 4322 excerpsisse
1201 4267 1236 4308 aa
1254 4253 1296 4309 ci·
