3040 4810
697 340 737 405 19

139 597 142 602 ,
166 526 279 594 bimus.
322 523 408 598 Inde
424 525 462 590 ab
484 544 567 602 anno
588 519 750 591 locutu.
771 530 876 589 autern
899 519 1036 602 Quintus
1058 523 1155 588 modo
1177 524 1263 609 apud

53 673 56 680 ⁴
165 633 272 719 ipsum
292 627 423 700 fratrem
445 630 687 716 uersabaturll)
719 629 815 696 modo
839 653 911 696 cum
935 631 1051 696 eodem
1072 631 1169 696 modo
1192 654 1265 698 cum

50 741 85 798 .“
108 743 112 752 ’
168 742 352 828 Pomponia.
368 762 472 824 uapore
496 738 670 806 discordias
691 739 838 822 habebat,
860 748 896 804 ut
915 739 1001 806 illius
1021 740 1174 827 temporis
1194 741 1265 806 nul·

68 878 88 942 j
143 869 146 880 ·
170 851 221 922 lac
238 846 555 935 unquam'epistulae
568 847 694 929 fuerint,
717 847 811 912 buius
832 848 890 914 uin
910 848 1007 931 tales,
1031 849 1140 932 quales
1163 848 1266 914 diuul-

169 960 239 1046 gnri
260 959 419 1044 quispiam
441 965 586 1043 euperet;
608 955 643 1023 id
666 956 751 1041 quod
764 955 926 1022 neminem
939 966 1016 1043 puto
1030 979 1096 1022 non
1117 965 1266 1043 prompto

172 1069 275 1134 animo
300 1087 527 1136 concessurum
551 1087 642 1146 esse,
665 1064 854 1152 pracsertim
875 1065 903 1130 si
926 1066 994 1150 quis
1016 1065 1154 1131 ediderit
1176 1065 1265 1132 Cice·

21 1155 23 1162 ,
118 1203 119 1206 ¹
170 1174 256 1244 renis
279 1174 432 1263 epistulas
457 1172 680 1241 considerabit.
733 1171 906 1240 Praeterea
936 1172 1030 1240 facile
1059 1173 1132 1238 fieri
1155 1173 1266 1260 potuit,

37 1327 55 1372 ·.
170 1294 214 1366 ut,
236 1284 261 1348 si
286 1305 367 1369 quae
389 1282 542 1369 epistulae
562 1291 707 1348 seruata-s
730 1291 828 1365 erant,
852 1303 910 1349 eae
931 1303 993 1367 quo
1013 1282 1268 1369 temporeQuiu·

169 1403 219 1462 tus
252 1415 315 1460 una
338 1392 525 1458 cumfratre
547 1391 747 1479 proscriptus
771 1400 835 1473 est,
856 1391 1009 1478 perirent.
1053 1390 1204 1478 Denique
1228 1431 1266 1443 -

171 1503 263 1590 quale
286 1502 415 1570 tondem
437 1502 499 1568 hoc
521 1510 709 1588 excerptum
732 1511 834 1583 esset,
875 1501 908 1566 in
937 1501 1023 1586 quod
1044 1509 1090 1567 tot
1114 1501 1270 1590 epistulae

169 1621 242 1680 anta
265 1633 382 1698 annum
408 1607 535 1692 1000,
559 1610 680 1676 sedne
704 1633 787 1676 unae
802 1610 932 1696 quidem
952 1594 1077 1678 litterae
1098 1613 1271 1697 posthunc

171 1743 288 1790 anuum
316 1719 452 1807 scriptae
481 1718 727 1804 reciperentur?
772 1718 896 1800 Quibus
929 1719 956 1784 si
983 1720 1148 1805 addimus,
1184 1723 1270 1807 quod

173 1850 389 1915 quoscumque
417 1829 505 1894 locos
526 1849 545 1894 e
564 1826 729 1896 Ciceronis
745 1827 888 1913 epistulis
911 1828 952 1893 ad
966 1827 1120 1909 Quintum
1140 1831 1271 1897 frauom

55 1930 57 1941 ¹
172 1939 276 2006 missis
301 1949 441 2025 sumptos
466 1961 538 2005 csse
562 1939 682 2024 antiqui
703 1939 875 2025 scriptores
898 1939 1044 2022 uadunt,
1069 1940 1163 2008 etiam
1186 1963 1271 2008 nune

171 2048 289 2116 inillis
311 2048 481 2135 leguntur,
514 2070 624 2114 omnes
645 2069 697 2112 me
713 2069 837 2114 summo
859 2048 931 2114 iure
954 2049 995 2114 de
1019 2047 1183 2116 Ciceronis
1205 2051 1271 2139 epi-

173 2158 264 2222 stulis
285 2165 425 2224 statuero
447 2156 625 2223 concedent
645 2157 763 2224 hacce:

127 2295 130 2304 “
174 2266 330 2354 epistulae
354 2267 403 2331 ad
423 2266 609 2332 Atticum
631 2275 836 2352 excerpta
858 2288 938 2332 non
959 2275 1075 2350 sunt,

177 2376 325 2462 epistulas
356 2377 402 2444 ad
427 2375 628 2457 Quintum
650 2376 693 2440 fr.
727 2386 931 2463 excerpta
958 2399 1039 2442 non
1061 2399 1157 2442 esse
1179 2381 1270 2444 ueri

259 2485 522 2552 simillimum
546 2494 626 2568 est,

138 2677 142 2684 ι
181 2592 336 2678 epistulae
358 2594 405 2659 ad
428 2592 692 2675 tamt-XII,
713 2593 830 2676 XIII,
851 2595 922 2660 XV
945 2608 1147 2684 excerpta
1169 2607 1272 2664 suut.

180 2701 222 2768 de
243 2701 386 2789 epistulis
406 2703 454 2768 ad
476 2704 560 2770 fam.
582 2701 707 2768 XIIII
730 2712 769 2768 et
788 2703 884 2768 XVI
908 2726 989 2770 non
1011 2711 1183 2773 constat.

262 2921 448 3007 Priusquam
471 2943 556 2988 nunc
585 2922 626 2986 ad
651 2921 897 3008 disputationem
921 2921 961 2986 de
984 2944 1164 3008 corporum,
1192 2944 1274 3008 qnae

179 3051 254 3116 epp.
275 3030 318 3096 ad
338 3030 412 3094 fam.
436 3029 592 3111 efficiant,
612 3051 746 3096 numero
769 3030 950 3115 finibusque
975 3030 1199 3098 instituendam
1223 3051 1272 3096 re-

177 3145 350 3217 uertamur,
371 3135 456 3200 unde
477 3137 611 3219 uenerit,
634 3145 670 3202 ut
692 3138 891 3222 quorundam
913 3137 1067 3223 epistulae
1086 3139 1127 3202 ad
1142 3137 1272 3204 Cicero·

178 3265 255 3311 nem
276 3244 389 3312 missae
414 3247 452 3311 ab
471 3246 565 3312 huius
589 3245 731 3331 epistulis
753 3247 795 3312 ad
817 3247 948 3314 eosdem
975 3246 1050 3312 illos
1074 3247 1201 3333 scriptis
1225 3269 1275 3314 se-

177 3352 305 3418 iunctae
326 3352 390 3418 sint
410 3391 448 3402 -
470 3354 505 3420 id
523 3355 610 3439 qnod
630 3376 727 3440 supra
747 3353 908 3440 spopondi
938 3391 981 3403 —-
1005 3377 1098 3439 quam
1121 3355 1275 3442 paucissi-

177 3460 237 3528 mis
263 3461 397 3528 docebo.
450 3462 514 3528 Vbi
534 3462 632 3549 igitur
654 3463 820 3548 utriusque
841 3464 971 3548 generis
995 3464 1150 3550 epistulae
1171 3474 1277 3530 exsta·

179 3572 264 3654 bant,
288 3579 463 3658 potuerunt
492 3570 524 3634 in
550 3570 640 3636 libris
663 3571 865 3658 primigeniis
895 3581 948 3637 aut
977 3570 1061 3638 inter
1092 3595 1127 3638 se
1157 3573 1277 3655 mixtae

179 3701 251 3746 esse
275 3690 328 3745 aut
351 3679 481 3744 alterius
513 3680 643 3766 generis
668 3680 822 3767 epistulae
843 3683 1052 3764 antecedere,
1085 3681 1176 3768 sequi
1201 3682 1276 3764 alte·

175 3790 244 3854 rins
268 3811 391 3854 omnes.
416 3785 482 3854 Iam
499 3789 554 3855 ubi
576 3787 656 3856 illud
679 3791 793 3855 factum
809 3801 883 3874 erat,
906 3791 939 3856 in
964 3793 1123 3878 excerptis
1147 3790 1276 3878 stipsis

178 3895 337 3988 epistulae
355 3899 545 3964 comminrtac
558 3909 639 3983 sunt,
662 3899 719 3965 ubi
729 3910 834 3966 autem
847 3901 980 3966 alterum
995 3923 1099 3987 genus
1115 3903 1153 3968 ab
1177 3900 1278 3966 altero

182 4049 379 4060 W

248 4142 294 4214 aa)
311 4139 373 4198 vid.
392 4142 491 4198 usam
508 4143 551 4198 aa:
575 4143 669 4214 Pauly,
688 4143 919 4215 saar-unauna.
939 4144 985 4200 vr.
1005 4145 1030 4200 a.
1050 4131 1230 4214 psaesens.
1250 4149 1280 4200 a

181 4237 267 4296 Orelli
283 4244 420 4294 onomast.
439 4239 510 4294 Tull.
529 4239 561 4293 11.
581 4257 628 4310 pg.
639 4242 691 4295 620
712 4258 735 4294 e.
753 4259 779 4308 q.
798 4260 819 4295 a.
