3040 4810
764 335 785 397 6

224 515 276 601 gis
299 517 413 580 mirum
434 517 525 582 nobis
548 515 694 582 uideatur
716 525 856 603 oportet,
891 516 964 600 quia
990 519 1150 603 octogiuta
1173 517 1321 603 epistula·
1408 535 1415 550 '

225 648 296 690 rum
318 647 485 690 numerum
507 634 644 712 superat.
690 624 769 706 Quis
792 625 908 711 igitur,
934 628 988 712 qui
1005 627 1091 692 hunc
1111 627 1229 692 librum
1250 649 1321 692 cum

226 733 338 799 ceteris
360 732 440 798 nihil
464 754 632 798 commune
653 732 817 797 sedsuum
838 732 942 817 potius
955 737 1077 816 orbem,
1099 742 1134 798 ut
1154 732 1196 800 ita
1210 735 1321 816 dicam,

224 864 284 928 per
305 864 340 908 se
362 843 540 908 absolutum
564 841 682 909 habere
697 843 811 924 uideat,
834 841 935 907 nihilo
950 843 1055 908 minus
1080 865 1153 909 eum
1173 865 1321 910 unacum

226 951 357 1038 reliquis
378 955 416 1018 ab
441 951 556 1016 codem
578 952 757 1018 conlectum
781 971 852 1016 esse
874 951 1072 1017 contendat?

309 1059 378 1127 Sed
400 1061 458 1125 etsi
488 1060 693 1145 epistularum
718 1060 759 1124 ad
783 1061 856 1124 fam.
876 1059 977 1126 libros
1003 1061 1036 1126 in
1068 1062 1231 1148 complura
1255 1086 1321 1130 cor·

227 1193 307 1257 pora
329 1169 522 1236 diuidendos
555 1190 625 1234 esse
651 1167 878 1256 cognocimus,
911 1178 1017 1234 tamen
1039 1169 1144 1236 adhuc
1163 1191 1224 1236 nec
1245 1181 1323 1256 quot

227 1301 364 1364 corpora
386 1286 493 1342 essent
513 1276 748 1358 intelleximus,
780 1299 886 1362 neque
910 1277 1101 1363 ubicuique
1130 1280 1225 1344 lines.
1278 1278 1323 1344 At

225 1387 379 1452 hocloco
410 1407 447 1450 eo
478 1385 579 1470 magis
601 1385 739 1450 refutem
759 1393 886 1470 oportet
908 1385 1122 1456 coniecturam
1155 1387 1320 1473 quandam,

227 1495 313 1582 quod
333 1494 439 1574 habet,
462 1516 525 1579 quo
547 1493 815 1561 se‘commendet.
860 1493 924 1560 Vbi
945 1493 1030 1558 enim
1052 1517 1149 1580 supra
1171 1494 1321 1582 epistulas

226 1602 331 1683 attuli,
355 1623 436 1686 quae
457 1605 495 1668 ab
519 1601 587 1666 aliis
619 1601 659 1664 ad
688 1601 828 1668 eundem
854 1601 960 1666 uirum
989 1603 1026 1668 ab
1055 1601 1170 1667 eodem
1197 1603 1321 1687 scriptis

226 1711 386 1778 seiunctae
408 1720 496 1791 sunt,
521 1709 663 1775 consulto
689 1708 951 1796 inconspectum
974 1709 1064 1774 illum
1082 1710 1237 1775 nonnulla
1258 1733 1323 1776 nou

224 1819 344 1906 recepi,
368 1841 447 1905 quae
467 1841 552 1900 nunc
574 1817 735 1883 tractanda
757 1827 838 1881 sunt.
890 1816 974 1884 Nam
1004 1828 1075 1884 octo
1097 1819 1152 1883 illa
1175 1820 1323 1906 exempla

225 1929 269 1994 ita
289 1937 468 2016 comparata
487 1936 570 2009 sunt,
592 1935 626 1990 ut
647 1925 799 2012 epistulae
820 1927 858 1992 ab
889 1925 1006 1992 eodem
1025 1928 1095 2020 uiro
1120 1929 1161 1992 ad
1184 1926 1321 1994 eundem

226 2039 361 2124 scriptae
382 2037 415 2102 in
438 2038 571 2104 diuersis
593 2035 685 2102 libris
704 2035 927 2118 inueniuntur,
957 2059 1035 2121 quas
1057 2036 1189 2121 quidem
1210 2059 1321 2102 omnes

225 2147 383 2212 recensui.
425 2144 493 2212 Sed
515 2168 703 2231 quamquem
725 2145 830 2210 minus
845 2144 955 2230 longe,
978 2145 1135 2210 recedunt
1155 2154 1261 2210 tamen
1282 2147 1320 2212 ab

226 2255 281 2320 illa
306 2255 574 2341 disponendarum
598 2253 803 2338 epistularum
824 2255 940 2338 regula
961 2276 1024 2319 non
1045 2254 1159 2334 solum,
1180 2275 1262 2340 quae
1282 2255 1319 2320 ab

228 2363 342 2430 ecdem
371 2363 412 2428 ad
444 2363 582 2428 eundem
602 2364 738 2448 scriptae
766 2362 799 2426 in
832 2364 947 2428 eodem
979 2364 1108 2450 quidem
1134 2365 1238 2444 libro,
1262 2363 1321 2427 sed

226 2472 360 2536 aliorum
380 2471 523 2558 epistulis
544 2471 715 2538 interiectis
739 2473 908 2558 leguntur,
937 2475 995 2540 sed
1017 2475 1110 2540 eliam
1137 2473 1164 2538 si
1185 2472 1320 2540 diuersis

196 2618 198 2623 ·
226 2581 303 2648 locis
326 2583 552 2667 reperiuntur,
587 2605 718 2668 quarum
741 2584 841 2648 altera
870 2607 945 2670 pars
967 2587 1005 2650 ab
1033 2583 1090 2648 illo
1120 2583 1237 2669 scripta
1259 2593 1315 2662 est,

229 2691 278 2756 cui
302 2693 396 2755 mIssa
420 2699 466 2755 est
487 2691 592 2776 prior,
616 2691 711 2756 missa
732 2715 841 2756 rursus
864 2693 928 2774 illi,
962 2692 1015 2778 qui
1037 2693 1175 2778 priorem
1197 2701 1320 2776 partem

227 2799 296 2886 ipse
320 2799 454 2885 scripsit.
499 2799 586 2880 Quas
600 2823 720 2868 »omnes
734 2803 774 2892 ¹⁸)
795 2804 858 2870 hoc
879 2813 1048 2890 conspectu
1074 2801 1236 2889 congessi:

298 2971 414 2978 ..v—a·—

228 3091 321 3142 autem
347 3088 394 3143 ille
414 3087 539 3144 Ciceroni
557 3093 665 3159 patrem
684 3107 800 3160 suasque
822 3090 909 3160 ipsius
929 3108 974 3144 res
993 3087 1227 3158 commendasset,
1253 3089 1323 3145 haec

227 3185 347 3255 epistula
366 3184 453 3239 nihilo
467 3183 557 3239 mlnus
574 3185 603 3239 in
616 3185 907 3241 commendaticisrum
913 3198 1062 3242 numerum
1075 3185 1235 3256 recipienda
1252 3191 1322 3241 erat.

230 3281 361 3336 Ceterum
382 3282 463 3336 etde
482 3281 651 3350 reliquorum
668 3281 804 3336 librorum
827 3281 996 3354 argumentis
1026 3286 1055 3337 ct
1077 3283 1112 3338 de
1126 3283 1205 3336 tertii
1222 3283 1324 3338 decimi

228 3379 294 3434 libri
312 3382 426 3434 auctore
443 3377 517 3432 infre
536 3379 693 3434 accuratius
712 3379 877 3434 uidebimus.

299 3477 342 3546 13)
361 3474 415 3531 Cur
433 3475 463 3528 in
481 3475 575 3545 priore
595 3481 760 3545 conspectus
779 3480 860 3546 parte
883 3494 939 3532 non
957 3474 1229 3530 commemorauerinr
1246 3476 1323 3535 Cice·

227 3571 303 3628 runis
323 3575 353 3626 et
371 3572 405 3626 D.
422 3571 483 3626 Iuni
500 3571 581 3626 Bruti
600 3576 708 3628 mutuas
727 3571 858 3642 epistulas
875 3571 922 3626 XI.
940 3571 1026 3626 4-26
1044 3587 1118 3640 esse,
1146 3570 1271 3628 eiusdem
1286 3575 1322 3630 D.

228 3669 299 3736 Iuni,
319 3668 367 3722 sed
385 3667 421 3721 ad
438 3667 476 3722 M.
496 3648 615 3722 Brutum
633 3671 662 3722 et
674 3668 797 3723 Cassium
815 3669 925 3724 missam
941 3667 978 3722 ib.
998 3684 1040 3737 ep.
1052 3667 1077 3734 1,
1095 3667 1164 3727 item
1187 3667 1216 3722 in
1235 3670 1323 3728 ultera

228 3768 308 3834 parte
327 3763 487 3820 Ciceronem
505 3764 541 3818 ed
558 3765 595 3818 M.
614 3764 732 3818 Brutum
750 3765 857 3818 misisse
875 3763 947 3818 XIII.
967 3763 1081 3830 10—14,
1101 3762 1226 3819 eiusdem
1245 3765 1323 3821 Bruti

228 3863 257 3913 et
279 3858 355 3912 Cassi
375 3858 411 3912 ad
423 3857 574 3913 Antonium
595 3876 654 3914 esse
672 3857 719 3912 XI.
739 3863 755 3914 2
776 3863 805 3914 et
822 3860 839 3914 3
858 3888 892 3898 -
909 3858 962 3911 hoc
978 3855 1059 3911 facile
1077 3857 1255 3929 perspicitur,
1275 3878 1323 3914 ne·

230 3971 282 4024 qne
301 3955 462 4025 attulissem,
480 3955 535 4010 nisi
549 3972 585 4010 ne
607 3955 672 4025 quid
682 3956 745 4010 dolo
763 3955 835 4009 malo
852 3951 1072 4025 praetermisisse
1090 3953 1209 4013 uiderer.
1248 3951 1320 4023 Quid

229 4049 302 4105 enim
326 4050 360 4104 D.
384 4050 465 4104 Bruti
491 4050 617 4120 epistulis
646 4050 682 4106 ud
699 4050 859 4106 Ciceronem
883 4052 926 4104 est
950 4065 1012 4103 cum
1036 4064 1100 4118 epp.
1126 4051 1162 4105 ad
1188 4051 1321 4120 Cassium,

229 4146 330 4216 quidue
341 4146 379 4201 M.
390 4147 470 4202 Bruti
487 4147 523 4202 sd
539 4147 693 4206 Antonium
709 4146 800 4207 missis
819 4164 881 4204 oum
896 4143 1034 4202 Ciceronis
1053 4144 1181 4216 epistulis
1203 4147 1240 4204 ad
1258 4164 1324 4202 eun-
1431 4179 1435 4185 ·

230 4242 441 4303 tenemium?
474 4243 569 4305 Nihilo
586 4244 649 4315 plus
668 4244 795 4315 profecte
812 4259 897 4314 quem
907 4239 1045 4299 Ciceronis
1064 4241 1190 4314 epistulis
1210 4243 1323 4303 sdTot·
