3040 4810
750 378 790 440 10

223 560 396 646 Ciceronis]
416 562 457 627 ad
479 561 599 626 Axium
621 560 693 626 libri
715 561 751 627 H
767 561 808 644 ¹⁸)
832 558 968 644 (Nonius
989 583 1044 647 pg.
1060 562 1132 628 509.
1154 563 1209 649 20)

308 720 325 753 „
425 719 441 752 ‚,
482 670 617 736 Brutum
637 668 710 736 libri
721 668 815 733 VHll
827 669 867 755 ¹⁹)
893 661 983 756 (ibid.
1008 693 1064 756 pg.
1077 671 1148 737 421.
1172 673 1228 759 29)

307 829 322 860 ,,
424 829 439 861 ,,
483 778 672 845 Caerelliam
694 778 828 864 epistula
852 777 976 864 (Quint.
1000 777 1055 844 VI.
1079 780 1109 844 3.
1132 781 1206 867 112)

304 938 319 969 ,‚
420 937 436 969 „
479 885 1128 974 Gaesaremlib-HI(Noniuspg.286.
1152 889 1205 974 12)

307 1047 322 1078 ,,
423 1046 439 1079 ,,
482 995 574 1062 Caes.
597 996 754 1062 iuniorem
776 996 834 1060 lib.
855 995 903 1060 Ill
928 996 1021 1081 (ibid.
1045 1018 1103 1082 pg.
1125 998 1198 1064 329.
1219 1000 1274 1086 21)

310 1154 325 1185 „
427 1154 443 1187 ‚,
489 1103 625 1171 Caluum
637 1105 680 1190 ²⁰)
705 1105 760 1169 lib.
785 1105 964 1189 complures
991 1104 1103 1187 (Prisc.
1117 1106 1159 1170 ll.
1177 1129 1232 1194 pg.
1248 1109 1320 1176 490.

1071 1215 1110 1278 12
1131 1213 1225 1304 Keil)

306 1373 321 1406 „
427 1373 442 1406 ,‚
487 1324 767 1409 sustentent.
784 1324 963 1407 complures
988 1323 1126 1411 (Nonius
1139 1325 1319 1412 regatus)

308 1483 323 1515 „
425 1484 440 1515 ,‚
486 1433 640 1498 Catonem
663 1454 736 1519 epp.
760 1432 893 1498 emissos
915 1429 1007 1518 (ibid.
1031 1433 1147 1518 p.438.
1168 1433 1223 1517 33)

306 1591 321 1625 ‚,
423 1593 438 1625 „
480 1543 581 1608 enum
603 1543 657 1608 nu.
678 1541 712 1606 Π
735 1540 871 1626 (nonius
893 1519 1031 1626 pgsts.
1054 1543 1108 1625 ra)

308 1702 323 1735 „
358 1707 361 1716 .
424 1702 439 1735 ,,
485 1649 642 1738 Gorgiam
668 1650 765 1737 (Plut.
786 1674 818 1715 u.
843 1649 909 1716 oio.
933 1653 1007 1738 24).

310 1811 325 1843 ,‚
428 1812 443 1844 „
486 1761 641 1846 epistulae
665 1758 789 1829 Graece
811 1769 907 1848 sript.
933 1761 1037 1848 (ibid.)
1053 1761 1094 1846 21)

306 1917 321 1951 ,,
424 1919 439 1953 ,,
483 1869 653 1936 Herodem
677 1870 766 1956 epist.
790 1869 895 1956 (ibid.)

307 2029 323 2060 ,,
423 2029 439 2062 „
483 1979 621 2044 Hirtium
644 1979 700 2044 lib.
716 1977 811 2043 VIIII
835 1977 931 2065 (Non.
951 1979 1097 2065 pg.450.
1121 1979 1156 2065 3)

305 2136 322 2169 ,‚
425 2135 441 2170 „
483 2087 652 2155 Hostilium
665 2087 707 2174 22)
729 2087 819 2173 epist.
842 2084 979 2172 (Charis.
990 2088 1017 2152 I.
1038 2108 1094 2174 pg.
1109 2086 1318 2168 licensis)

224 2249 420 2272 ...η’-ο-»ο-ο-κ-ι

293 2345 337 2415 18)
356 2345 440 2416 Apud
455 2344 576 2402 Nonium
592 2348 612 2400 l.
629 2364 653 2400 c.
673 2345 733 2400 cod.
753 2345 848 2400 Gueli.
867 2346 965 2400 habet:
984 2347 1097 2413 Atticm,
1117 2345 1199 2400 Leid:
1218 2347 1319 2402 Autem

222 2459 342 2513 superse.
361 2441 416 2496 litt.
436 2456 469 2509 tt,
490 2441 539 2497 sed
556 2442 591 2497 ci.
609 2441 737 2496 Arusien.
758 2441 842 2496 Mese.
861 2458 905 2512 ap.
923 2441 1006 2495 Lind.
1025 2459 1049 2496 c.
1066 2459 1092 2510 g.
1110 2440 1141 2495 1..
1164 2439 1185 2495 1.
1203 2459 1250 2512 pg.
1261 2443 1314 2498 212

221 2541 251 2592 et
266 2539 326 2593 213.
361 2537 491 2592 Fortasse
503 2537 588 2592 etiam
604 2537 667 2607 plus
686 2536 740 2592 duo
758 2537 845 2592 libros
862 2536 1045 2606 epistularum
1060 2535 1096 2590 nd
1108 2535 1210 2592 Axium
1230 2536 1314 2592 exsti·

221 2632 288 2688 tisse
306 2632 470 2711 concludere
487 2633 555 2687 licet
575 2650 590 2688 e
608 2631 758 2688 Frontonis
777 2648 819 2702 ep.
839 2630 995 2686 stanton.
1014 2631 1049 2686 Il.
1068 2633 1094 2686 5.

292 2727 336 2798 19)
354 2728 459 2784 Vereor
476 2745 511 2781 ne
528 2727 574 2782 hic
591 2745 679 2785 nonus
697 2727 769 2784 liber
786 2727 833 2782 ille
851 2746 909 2782 non
926 2728 967 2784 ite
984 2728 1072 2782 multo
1089 2733 1155 2799 post
1173 2727 1313 2790 Ciceronis

220 2829 339 2881 mortem
357 2824 383 2879 ei
401 2823 560 2893 suppositus
575 2823 619 2894 sit,
637 2841 720 2896 quem
736 2841 786 2879 nos
800 2807 1044 2892 adhuchabemues
1056 2842 1119 2880 cum
1130 2828 1226 2880 noster
1243 2824 1314 2878 liber

221 2941 238 2976 a
255 2921 348 2978 uerbis
367 2939 437 2991 quse
453 2920 558 2976 Nonius
575 2921 593 2974 l.
615 2938 638 2975 c.
657 2919 748 2975 adfert
764 2920 875 2975 initium
894 2922 993 2992 capiat.

293 3017 337 3089 20)
356 3017 423 3073 (lum
440 3017 599 3073 Priscianus
617 3017 635 3070 l.
655 3033 679 3072 c.
698 3017 801 3071 librum
819 3018 939 3088 primum
958 3015 1066 3072 edferet
1083 3017 1160 3088 (item
1178 3035 1243 3072 mox
1260 3018 1315 3074 No·

221 3114 283 3168 nius
301 3114 482 3185 epistularum
499 3113 534 3170 ad
551 3112 686 3183 Gessium)
714 3114 750 3168 ed
766 3117 914 3182 utrumque
933 3113 1076 3167 minimum
1096 3113 1152 3169 duo
1168 3111 1256 3170 libros
1274 3113 1314 3168 di·

221 3211 350 3281 uulgetos
369 3227 430 3265 esse
447 3210 625 3265 manifestum
645 3214 696 3265 est.

293 3306 338 3376 21)
356 3305 497 3362 Ciceronis
515 3307 646 3377 epistulas
656 3307 761 3362 Graece
776 3307 895 3377 scriptas
914 3323 993 3362 suum
1010 3323 1062 3377 per
1080 3323 1110 3364 se
1127 3307 1258 3362 uolumen
1278 3308 1317 3362 ei·

221 3403 320 3460 fecisse
345 3403 517 3470 relitteres,
544 3403 578 3458 de
603 3403 703 3474 quibus
720 3403 794 3458 Plut.
813 3403 876 3471 nl.
895 3403 968 3474 agit,
998 3403 1169 3461 continuisse
1194 3419 1241 3458 uu.
1261 3405 1316 3458 τῶν

219 3499 286 3554 ‘nti
302 3504 355 3572 μία
380 3497 570 3554 demonstrare
597 3498 665 3554 mihi
687 3499 831 3568 uidentur,
856 3515 1020 3573 quamquam
1044 3498 1071 3553 h.
1092 3500 1111 3554 l.
1131 3515 1188 3559 non
1204 3516 1318 3569 possum

222 3615 255 3651 ea
273 3597 413 3651 electore
437 3593 529 3664 aliquo
546 3595 689 3665 adscripta
705 3611 765 3649 esse
781 3613 837 3650 non
854 3599 961 3668 putare.
999 3595 1068 3648 Item
1088 3595 1168 3650 Bruti
1186 3596 1317 3666 epistula·

221 3711 283 3747 rum
301 3692 430 3746 exstabat
455 3696 484 3746 et
501 3708 601 3762 corpus
620 3691 789 3747 Graecorum
807 3696 836 3746 et
852 3691 952 3748 Latine
971 3691 1139 3760 scriptarum
1157 3691 1201 3762 (cf.
1221 3693 1318 3763 Meyer

156 3769 164 3786 ³
222 3789 258 3844 ad
278 3789 333 3844 Cic.
351 3789 427 3843 Brut
444 3805 491 3859 pg.
502 3787 555 3857 11),
576 3791 659 3857 etque
677 3787 756 3843 idem'
772 3787 890 3842 fortasse
910 3785 940 3841 in
957 3787 1109 3844 Varronem
1127 3788 1202 3844 cedit
1220 3789 1265 3859 (ci.
1285 3787 1315 3842 1¹⁴.

221 3885 337 3953 Ritsclrl
354 3886 425 3940 Mus.
443 3884 531 3939 Rhen.
547 3884 594 3939 VI.
612 3902 658 3955 pg.
673 3886 725 3940 539
745 3888 775 3939 et
791 3886 851 3952 553,
870 3883 917 3953 qui
936 3883 1027 3938 adfert
1044 3885 1205 3955 Meyerum).

294 3982 337 4050 22)
354 3981 603 4052 Martyni-Leguna
619 3981 648 4034 in
665 3981 720 4036 Cic.
727 3999 790 4052 epp.
810 3987 957 4037 comment.
974 3982 1036 4037 adn.
1055 3985 1071 4038 2
1090 3981 1143 4053 (ed.
1154 3981 1238 4037 Orelli
1257 3979 1315 4034 ind.

222 4080 288 4136 leot.
305 4077 482 4138 Turic1840.
500 4077 599 4148 prati)
617 4095 670 4148 pro
685 4079 790 4138 Hostili
808 4079 932 4138 nomine:
952 4083 1145 4139 ameriam
1162 4076 1247 4134 scribi
1262 4075 1316 4131 ius·

223 4175 268 4244 sit,
288 4179 321 4233 ut
336 4173 374 4231 ad
390 4174 492 4230 Luccei
511 4174 658 4244 epistulam
675 4174 749 4245 (forn.
769 4175 801 4232 V.
822 4175 863 4234 11.
884 4175 909 4244 1)
935 4175 1129 4244 respiceretur.
1166 4173 1225 4232 Nec
1249 4191 1317 4232 nero

226 4271 309 4326 ullam
334 4287 458 4327 caussam
481 4270 590 4341 profert
612 4288 639 4324 u.
657 4270 684 4324 d.
707 4269 763 4325 nisi
786 4269 872 4326 hene:
898 4269 943 4339 ,ed
968 4283 1050 4340 quera
1074 4269 1142 4340 (scil.
1157 4267 1318 4339 Erotion)
