3040 4810
711 370 750 434 21

188 559 222 626 bi
246 565 277 624 et
297 557 360 644 ipsi
382 556 490 622 denuo
514 555 548 620 in
573 554 733 641 complura
756 573 890 639 corpora
917 552 1064 618 soluendi
1085 551 1185 620 sunt?
1230 551 1285 618 'Aa

186 668 263 754 quid
288 667 454 747 hebemus,
481 663 567 750 quod
582 685 788 750 opponamus,
812 663 839 728 si
860 662 930 747 quis
942 661 1083 728 sedecim
1094 661 1194 728 libros
1211 683 1284 749 epp.

184 777 227 844 ed
250 777 324 842 fem.
347 795 364 840 e
388 774 510 856 tribus,
546 781 707 858 quattuor,
741 772 880 857 quinque
911 769 1071 854 excerptis
1094 771 1284 856 compositos

185 907 259 952 esse
281 883 397 972 putet?
422 882 513 964 Quae
533 882 603 969 ipsa
624 903 665 947 ex
685 881 801 946 ordine
824 879 1028 966 epistularum
1050 879 1092 944 de
1115 901 1286 966 corporum

185 1015 322 1062 numero
344 993 526 1078 finibusque
551 1001 671 1058 certum
692 990 843 1056 iudicium
860 987 930 1054 fieri
943 1011 1007 1054 non
1018 1009 1114 1075 posse
1130 987 1204 1052 satis
1229 989 1284 1052 do-

189 1113 270 1184 cent,
294 1110 330 1168 ut
348 1103 409 1167 hos
435 1101 606 1168 exhaustos
627 1099 845 1185 relinquentes
873 1119 974 1164 nouos
993 1101 1096 1164 fontes
1118 1097 1210 1163 nobis
1233 1116 1282 1164 re·

190 1213 321 1279 cludere
343 1212 526 1276 studeamus
552 1231 631 1298 opus
653 1209 703 1291 sit,
727 1207 840 1294 quibus
862 1207 913 1274 usi
936 1207 1008 1294 plus
1031 1206 1252 1293 proficiamus

270 1319 377 1402 Quot,
403 1319 538 1386 nisime
563 1319 668 1384 omnia
691 1317 813 1399 fallunt,
838 1316 930 1382 nobis
954 1313 1126 1402 continget,
1150 1315 1281 1400 siquae

185 1429 338 1514 cuiusque
361 1427 436 1494 libri
456 1426 519 1492 sint
538 1436 727 1512 argumente
756 1425 867 1512 paullo
895 1425 1069 1492 accuratius
1100 1425 1281 1492 considera-

183 1537 340 1604 flerimus·

271 1644 369 1710 Primi
391 1645 476 1711 onim
492 1644 669 1710 duodecim
690 1643 763 1710 libri
786 1643 923 1710 cuiusuis
946 1643 1076 1728 generis
1095 1651 1188 1728 atque
1209 1665 1280 1730 spe·

93 1839 99 1846 .
184 1754 245 1822 eiei
266 1753 416 1840 epistulas
442 1755 602 1820 continent
608 1801 618 1836 ,
640 1776 712 1820 eum
731 1761 904 1820 tractentur
924 1774 975 1818 res
999 1753 1148 1840 politicae
1170 1761 1202 1818 et
1223 1753 1279 1818 dc·

186 1865 348 1946 mesticae,
371 1887 444 1930 eum
463 1863 568 1930 insint·
582 1863 862 1930 commendaticiae
888 1872 920 1928 et
941 1883 1021 1948 quae
1045 1863 1086 1928 ad
1104 1862 1280 1930 litterarum

183 1972 330 2040 scientias
352 1981 506 2059 spectent,
528 1972 619 2038 aliae.
661 1972 796 2038 Prorsus
818 1971 916 2038 alium
940 1970 975 2038 in
996 1972 1128 2040 modum
1151 1993 1280 2062 compo·

183 2083 262 2148 situs
287 2092 335 2148 est
822 2147 824 2152 .

264 2191 347 2258 liber
365 2190 478 2256 tertius
502 2190 655 2272 decimus,
679 2190 795 2276 inquo
817 2188 897 2256 nihil
918 2189 1024 2256 inesse
1042 2190 1105 2258 nisi
1127 2212 1281 2284 magnum

185 2301 521 2368 commendaticiarum
547 2298 754 2386 epistularum
775 2321 944 2366 numerum
974 2298 1035 2364 iam
1066 2321 1163 2388 supra
1186 2299 1279 2366 intel·

183 2391 340 2490 leximus3¹

263 2527 390 2603 quartus
417 2518 560 2584 decimus
582 2527 665 2583 totus
691 2517 731 2582 ad
754 2515 936 2582 Terentiam
961 2517 1075 2584 missus
1098 2527 1164 2600 est,
1187 2519 1274 2586 unde

180 2627 274 2694 facile
295 2626 447 2692 iudicium
470 2627 511 2692 de
533 2625 728 2713 argumentis
749 2624 821 2692 fieri
843 2633 963 2712 poteet3

264 2736 390 2822 quintus
413 2735 554 2801 decimus
579 2743 685 2799 eutem
701 2734 783 2800 liber
804 2736 900 2821 plane
923 2733 1065 2799 eiusdem
1081 2734 1204 2801 habitus
1224 2757 1272 2801 re·

176 2843 337 2930 tionisque
362 2852 420 2928 est,
442 2869 478 2910 ac
499 2844 595 2932 primi
617 2844 664 2909 illi
686 2845 873 2924 duodecim3
894 2852 990 2910 restet
1010 2844 1109 2930 igitur

262 2962 372 3018 sextus
397 2953 537 3019 decimus
560 2975 670 3018 rursus
694 2953 733 3018 ad
754 2974 853 3018 unum
874 2953 1027 3018 Tironem
1047 2953 1193 3040 scriptus.

265 3060 358 3141 Quae
383 3085 453 3126 eum
468 3063 509 3128 ita
524 3062 586 3127 sint
599 3063 699 3127 libros
712 3061 931 3131 XIII—XVI.
954 3084 1155 3150 nequaquam
1178 3063 1276 3130 licere
1289 3115 1291 3122 ,

179 3193 241 3260 pro
266 3193 330 3236 uno
354 3170 529 3257 eodemque
553 3180 706 3258 excerpto
730 3171 851 3236 babere
872 3171 963 3237 facile
982 3173 1214 3261 perspicimus,
1249 3175 1276 3240 si

178 3275 499 3347 tertiumdecimum
538 3280 722 3346 cum'librc
753 3281 861 3366 quinto
891 3281 1014 3346 dee-imo
1048 3305 1276 3369 comparamus.

177 3388 239 3456 lile
263 3389 365 3472 enim,
402 3389 455 3476 qui
476 3412 570 3454 unam
594 3399 625 3454 et
647 3389 807 3476 octoginta
828 3391 1104 3458 commendaticias
1127 3392 1276 3480 epistulas

177 3521 282 3586 neque
305 3499 404 3564 ullam
424 3499 560 3586 amplius
583 3499 802 3586 complectitur
835 3535 874 3548 —-
909 3523 1017 3566 nonno
1048 3523 1140 3568 suum
1164 3506 1276 3570 orbem

176 3605 237 3695 per
259 3607 435 3676 sehabet?
481 3608 568 3689 Quid
589 3610 666 3676 huic
688 3632 757 3675 cum
781 3609 893 3676 ceteris
906 3610 995 3677 libris
1013 3633 1178 3676 commune
1202 3613 1275 3677 est?

176 3716 273 3787 Solus
301 3720 446 3805 profecto
477 3719 520 3784 ite
544 3718 735 3806 compositus
766 3727 831 3802 est,
865 3729 899 3784 ut
930 3717 1149 3804 quaecumque
1179 3722 1276 3788 insint

176 3825 331 3912 epistulae
365 3827 471 3892 simile
505 3837 729 3913 argumentum
760 3835 902 3894 tractent.
943 3828 1039 3894 Vnde
1061 3851 1183 3894 summo
1204 3830 1275 3896 iure

173 3935 268 4000 huius
291 3934 364 4003 libri
388 3935 540 4024 epistulas
563 3940 632 4003 cum
658 3937 702 4001 eis
729 3959 809 4022 quae
830 3949 980 4003 secuntur
995 3940 1109 4004 eodem
1128 3948 1274 4028 tempore

175 4045 208 4110 in
231 4044 317 4110 idem
342 4068 457 4131 corpus
488 4056 632 4134 receptas
661 4069 726 4112 non
757 4069 827 4112 esse
858 4049 1025 4136 conligere
1049 4051 1133 4116 licet
1184 4051 1271 4132 Quid

176 4153 284 4218 enim?
321 4154 424 4240 siqui
455 4155 553 4223 libros
584 4156 656 4222 illos
678 4157 889 4244 primigenios
913 4161 1073 4250 excerpsit
1100 4163 1204 4228 nullas
1237 4165 1270 4228 in

173 4263 279 4328 enimc
311 4264 474 4330 habuisset
497 4265 622 4352 eligere
646 4266 796 4353 epistulae
828 4267 1194 4357 nisifijcommendeticias
1227 4315 1269 4328 -
