3040 4810
728 351 749 416 9

197 645 362 711 adducere
383 665 448 709 non
464 665 561 729 posse
581 644 635 708 uel
659 665 700 708 ex
724 643 769 708 eis
791 643 933 729 adparet,
957 664 1038 729 quae
1052 665 1147 728 supra
1170 643 1210 708 dc
1231 644 1289 708 hu·

195 756 244 819 ius
266 755 340 820 libri
357 753 468 818 indole
493 762 586 836 etque
607 753 728 818 ratione
752 752 993 839 disputcuimus.
1025 789 1068 802 —
1102 751 1195 834 Quae
1217 775 1289 817 cum

195 862 238 928 ita
268 862 333 926 sint
350 863 511 926 neminem
532 861 592 927 hac
610 862 663 926 uia
682 881 906 946 processurum
931 883 1003 926 esse
1026 869 1118 948 puto,
1150 870 1185 925 ut
1212 871 1288 947 quot

198 991 341 1057 corpora,
362 991 441 1070 quos
466 971 579 1056 cuique
601 969 684 1034 fines
706 991 833 1036 sumere
855 993 935 1057 opus
956 971 996 1035 sit
1016 969 1205 1056 inuestiget3
1234 993 1288 1036 ne·

199 1099 260 1165 que
283 1087 332 1144 est
353 1101 409 1145 cur
432 1079 606 1161 doleamus,
632 1079 717 1164 quod
740 1079 821 1144 hanc
840 1080 924 1144 uiam
949 1082 1064 1144 frustra
1083 1080 1286 1162 tentauimus,

197 1189 258 1253 elie
279 1188 480 1272 enim‘patet,
505 1210 586 1274 quae
609 1210 671 1273 quo
691 1188 850 1253 tendimus
876 1211 913 1253 eo
931 1190 1033 1254 ducet.
1077 1187 1186 1275 Itaque
1209 1210 1290 1274 quae

200 1301 306 1366 adbuc
319 1299 547 1386 disputabimus
562 1321 600 1380 aa
613 1301 677 1365 hoc
691 1300 822 1364 docent:
845 1297 1028 1364 sedecim
1048 1298 1183 1364 libros
1202 1319 1219 1360 e
1229 1297 1288 1384 pi-

163 1445 167 1452 ·
198 1407 407 1473 stularum
430 1407 477 1472 ad
499 1407 830 1492 famplusunum
847 1427 999 1491 corpus
1020 1405 1076 1469 lta
1094 1403 1289 1488 efficere,

198 1523 240 1580 ut
264 1513 499 1581 libeerlI.
521 1537 600 1580 non
623 1513 813 1580 ciusdem
834 1537 876 1580 ac
896 1513 1098 1596 lib.I-X,
1122 1513 1290 1599 quintus

200 1624 384 1691 decimus
409 1633 545 1689 eutem
566 1623 674 1688 elius
696 1623 768 1706 sit,
793 1647 839 1689 ac
860 1621 1022 1688 I—Xll.
1046 1621 1160 1688 libri.
1196 1621 1292 1690 Nunc

199 1735 240 1798 ed
263 1733 355 1798 aliem
381 1732 626 1818 disputationem
646 1755 706 1798 nos
730 1741 970 1814 connectamus,
1003 1755 1084 1817 quac
1102 1732 1189 1796 unde
1218 1731 1292 1796 faci·

174 1841 259 1918 ¹lius
283 1851 314 1906 et
334 1842 449 1908 certius
473 1843 514 1906 de
535 1846 705 1927 corporum
725 1863 859 1908 numero
875 1841 1056 1925 finibusque
1073 1840 1226 1906 iudicium
1248 1841 1263 1904 f
1280 1879 1291 1890 ·

198 1951 314 2016 ciamus
332 1950 511 2035 praebebit.
525 1987 568 2000 -

285 2073 438 2141 Maximas
461 2077 606 2163 profecto
637 2076 846 2162 mirificasque
876 2077 992 2161 gratias
1021 2077 1166 2142 fortunae
1196 2078 1291 2144 debe·

197 2207 286 2266 mus,
321 2207 402 2269 quae
424 2193 470 2249 tot
492 2183 656 2252 Ciceronis
687 2185 838 2272 epistulas
871 2207 988 2270 easque
1011 2194 1075 2250 tarn
1093 2186 1293 2252 diuersorum

198 2315 356 2379 generum
379 2293 471 2360 nobis
491 2293 593 2358 uoluit
616 2316 765 2377 seruare,
795 2317 867 2360 cum
891 2294 940 2360 cui
962 2294 1035 2381 plus
1057 2318 1132 2359 usus
1158 2296 1292 2362 fructus-

200 2424 262 2487 que
284 2402 438 2484 adferant,
462 2411 567 2466 utrum
586 2403 737 2468 historiae
760 2402 871 2468 studiis
893 2426 932 2468 an
947 2403 1097 2469 scientiae
1119 2404 1294 2469 litterarum

202 2531 241 2574 en
266 2511 490 2596 grammaticae
509 2533 549 2576 an
572 2511 640 2576 aliis
663 2511 837 2598 disciplinis
854 2490 985 2577 difficile
1007 2512 1046 2577 sit
1068 2513 1161 2578 dictu.
1207 2513 1292 2578 Atte-

200 2641 275 2684 men
298 2641 390 2704 quam
410 2642 529 2705 paucae
552 2621 592 2685 ad
615 2641 673 2686 nos
702 2620 890 2704 peruenisse
917 2620 1084 2703 uidentur,
1120 2622 1146 2686 si
1180 2629 1294 2708 quanta

197 2727 364 2794 multitudo
388 2751 452 2794 non
472 2729 588 2816 scripta
609 2729 649 2794 sit
670 2729 797 2795 omnino
822 2728 1018 2813 sOicerone,
1042 2728 1100 2796 sed
1121 2729 1154 2794 in
1175 2730 1292 2815 uulgus

197 2839 356 2922 quondam
381 2837 466 2904 edite
489 2839 744 2934 consideramus!
789 2837 870 2908 Sunt
893 2839 996 2922 enim,
1027 2839 1140 2926 quibus
1170 2839 1294 2905 miserit

195 2949 388 3034 permultas,
415 2971 546 3036 quarum
568 2971 652 3014 nunc
673 2971 715 3014 ne
735 2973 799 3014 una
821 2935 951 3035 quidem
976 2958 1094 3032 exstet,
1123 2959 1196 3017 sunt
1216 2973 1292 3035 quo·

197 3079 277 3142 que,
300 3079 433 3143 quorum
458 3057 586 3124 nomina
607 3080 691 3124 nunc
713 3059 767 3123 uel
787 3057 842 3121 uni
864 3058 919 3122 uel
948 3059 1117 3145 perpaucis
1147 3059 1291 3145 epistulis

197 3165 347 3251 inscripta
367 3166 584 3248 inueniantnr,
618 3149 760 3252 quamuis
791 3167 864 3231 satis
888 3187 1037 3252 magnum
1059 3166 1215 3232 librorum
1235 3191 1293 3232 nu-

196 3296 321 3339 merum
345 3275 387 3340 ed
409 3275 541 3344 eosdem
573 3275 704 3340 missum
727 3284 900 3362 posteaque
927 3276 1127 3361 diuulgatum
1152 3297 1222 3342 esse
1244 3278 1291 3341 illi

199 3384 315 3468 antiqui
337 3385 508 3469 scriptores
542 3385 778 3467 demonstrent,
811 3383 925 3470 quibus
956 3385 1061 3450 adbuc
1090 3385 1123 3448 in
1147 3387 1292 3452 manibus

197 3501 293 3558 erant.
336 3491 461 3558 Etenim
483 3503 518 3557 ut
538 3515 601 3559 una
622 3494 729 3562 tabula
749 3513 967 3581 quaecumque
991 3495 1161 3580 aliquando
1188 3493 1289 3560 diuul-

196 3609 269 3686 gata
289 3623 358 3667 esse
381 3601 575 3689 inuestigare
591 3602 681 3690 potui
704 3604 983 3691 comprehendam,
996 3613 1125 3690 praeter
1147 3626 1184 3669 ea
1208 3625 1289 3689 quae

195 3709 235 3774 ad
260 3720 399 3775 nostram
423 3721 556 3781 aetatem
575 3720 794 3799 peruenerunt
815 3711 896 3779 haec
917 3711 1060 3803 snnt¹⁷):

195 3915 393 3926 ...-...-.-..,

269 4055 309 4126 17)
328 4055 419 4112 Vnum
453 4059 564 4112 tontum
593 4075 648 4128 quo
673 4057 794 4128 quidque
820 4060 1054 4113 commemoratur
1078 4059 1171 4113 locum
1199 4057 1289 4127 attuli,

195 4154 280 4208 ctiam
303 4152 327 4208 si
351 4153 432 4206 multi
455 4157 573 4210 exstant.
617 4153 692 4222 Ques
716 4154 806 4210 minus
830 4157 908 4210 certa
931 4157 996 4210 sunt
1016 4155 1095 4211 uncis
1112 4155 1220 4224 inclusi,
1240 4171 1286 4210 ex·

122 4315 125 4324 κ
195 4247 282 4321 plicui
301 4249 535 4308 adnotationibus.
616 4301 619 4308 .
648 4289 650 4294 -
