3040 4810
785 327 826 392 32

257 517 395 574 statuere
414 507 492 572 mihi
513 507 636 572 uideor.
679 507 751 572 Huc
766 507 884 594 optime
903 508 1044 593 quadrat,
1068 507 1154 593 quod
1168 507 1281 572 harum
1302 529 1353 573 or-

258 616 367 683 dinem
389 616 535 680 miserius
559 617 652 682 etiam
674 619 893 703 perturbatum
918 637 988 682 esse
1011 617 1235 702 cognoscimus
1260 640 1353 702 quam

258 724 464 812 epistularum
485 724 526 790 ad
546 725 702 808 Atticum,
726 747 798 792 cum
821 747 975 810 nusquam
997 725 1070 813 plus
1094 734 1263 811 quaternae
1287 725 1352 813 epi·

257 835 359 900 stulae
381 834 421 899 ad
448 832 587 899 eundem
608 833 744 920 scriptae
764 857 855 898 suum
879 833 1024 897 ordinem
1046 843 1195 915 teneant,
1230 836 1256 899 si
1281 856 1353 922 epp.

256 941 387 1009 1.1-9.
412 953 443 1008 et
464 942 506 1008 ll.
520 945 610 1008 1-7.
633 943 829 1026 excipimus3
851 965 1039 1030 quamquam
1062 945 1103 1010 de
1126 946 1289 1011 nonnullis
1313 969 1354 1012 ex

257 1051 305 1116 his
331 1059 452 1117 certum
473 1052 626 1117 iudicium
637 1052 708 1118 fieri
727 1075 791 1116 non
812 1062 925 1140 potest,
947 1063 982 1118 ut
1000 1075 1041 1118 ne
1056 1053 1116 1118 hae
1130 1053 1260 1140 quidem
1282 1075 1353 1118 scn-

256 1159 373 1225 tentiae
395 1169 521 1225 nostrae
544 1163 679 1226 obstent.
722 1163 873 1226 Attamen
886 1161 957 1225 fieri
973 1161 1084 1247 potuit,
1108 1170 1143 1226 ut
1159 1163 1215 1227 uel
1235 1162 1287 1227 bio
1300 1161 1355 1226 uel

256 1268 312 1333 ille
335 1269 483 1356 epistulas
507 1267 695 1335 aCicerone
718 1271 758 1335 ad
781 1291 815 1335 se
837 1269 969 1355 scriptas
991 1269 1190 1335 accuratam
1205 1271 1352 1335 ordinem

259 1377 400 1442 conditas
423 1387 575 1460 seruaret,
598 1377 684 1462 quod
707 1377 860 1458 Quintum
882 1375 1024 1443 Tullium
1046 1379 1159 1444 fecisse
1181 1387 1354 1466 propteroa

259 1507 386 1550 sumere
406 1486 570 1567 debemus,
591 1485 676 1570 quod
699 1485 771 1552 libri
795 1485 940 1551 adhunc
964 1486 1051 1551 missi
1073 1489 1204 1553 benese
1225 1487 1354 1552 habent.

257 1593 433 1680 Plerosque
454 1605 558 1659 autem
581 1615 711 1659 securos
735 1597 966 1661 confusassuas
989 1597 1139 1683 epistulas
1162 1595 1355 1682 bibliopolae

257 1703 426 1768 tradidisse
449 1702 577 1770 Tironis
601 1703 784 1789 exemplum
808 1702 917 1787 docet,
954 1726 1047 1789 quem
1070 1704 1096 1772 si
1118 1705 1213 1770 modo
1245 1725 1355 1790 quem-

257 1812 342 1898 piam
362 1812 466 1897 ipsum
488 1811 720 1878 accuratissime
746 1795 949 1898 epistulas'in
980 1812 1126 1880 ordinem
1150 1805 1357 1878 redacturum

258 1921 357 1988 fuisse
385 1931 533 2009 putemus
568 1930 702 2007 oportet.
755 1919 854 1986 Cuius
877 1919 1003 1985 Tironis
1030 1921 1133 1986 nullas
1155 1921 1188 1985 in
1220 1921 1355 1988 edendis

259 2031 402 2118 epistulis
422 2025 528 2117 parteis
552 2031 701 2117 missam)
726 2028 800 2118 (nisi
821 2030 903 2094 forte
926 2031 1129 2116 septuaginta
1144 2030 1214 2096 illas
1237 2032 1355 2119 epistu-

257 2140 304 2208 las
328 2140 433 2206 eidcm
456 2139 650 2227 bibliopolae
673 2149 708 2204 ut
728 2163 801 2206 casu
822 2139 1039 2221 rehabebant,
1062 2140 1204 2226 tradidit)
1227 2141 1355 2205 illarum
1398 2179 1402 2185 ·

259 2249 466 2336 epistularum
480 2249 568 2314 ordo
592 2249 694 2314 docet.
1315 2247 1317 2254 ⁴

340 2374 406 2440 Iam
427 2375 453 2439 si
479 2377 658 2459 quaerimus
684 2375 752 2460 quis
776 2375 872 2440 fuerit
894 2374 949 2438 ille
972 2373 1162 2459 bibliopola,
1187 2375 1240 2460 qui
1263 2372 1353 2440 Cice-

255 2483 343 2575 ronis
366 2484 516 2568 epistulas
539 2483 680 2547 edendas
705 2492 837 2563 curaret,
861 2481 1066 2568 exipsius
1090 2479 1128 2545 Τ.
1151 2481 1354 2569 Pomponi

258 2591 448 2676 Atticm)
473 2591 735 2656 officina-eas
757 2591 954 2677 prodisse
973 2600 1097 2675 puto,
1122 2591 1350 2676 quemscimus

259 2723 328 2766 cunr
350 2700 495 2786 singulos
519 2699 616 2764 libros
632 2689 843 2786 ¹integrasque
860 2699 1065 2766 bibliothecas
1090 2702 1205 2765 emisse
1223 2708 1253 2764 et
1276 2722 1352 2764 uen-

259 2810 447 2900 didisse⁵⁸),
481 2819 546 2873 tum
574 2830 706 2895 ,pueros
737 2808 978 2874 litteratissimos
1012 2818 1043 2874 et
1070 2809 1225 2896 plurimos
1259 2789 1354 2876 libra·

258 2921 387 3009 riost)
413 2920 466 3007 qui
487 2941 541 2985 eos
565 2919 829 3007 describerent⁵⁵)
854 2918 1013 2984 habuisse.
1057 2918 1222 2983 Ciceronis
1246 2927 1350 2984 autem

256 3031 432 3097 litterarum
453 3029 557 3094 studia
579 3029 698 3094 amicus
723 3027 975 3114 elegantissimus
998 3037 1028 3092 et
1045 3027 1273 3092 eruditissimus
1298 3051 1344 3092 ua

258 3141 339 3206 rium
363 3141 396 3204 in
425 3139 555 3204 modum
577 3139 760 3221 adiuuabat,
785 3159 856 3203 cum
878 3146 1067 3223 argumenta
1096 3159 1177 3222 quae
1205 3145 1355 3201 tractaret

331 3469 376 3538 51)
396 3465 468 3536 Quas
485 3463 571 3522 fuisse
587 3464 678 3520 uoluit
695 3463 780 3518 etium
797 3461 966 3532 Bernhardy,
985 3461 1066 3518 Rom.
1082 3461 1151 3518 LItt.
1169 3479 1215 3533 pg.
1227 3465 1280 3518 682
1300 3462 1353 3524 (ed.

258 3563 317 3635 111).
355 3563 458 3619 Contra
475 3579 585 3618 mecum
605 3561 759 3618 consentit:
785 3559 925 3616 Manutius
943 3564 1090 3616 comment.
1108 3557 1140 3614 in
1161 3575 1223 3629 epp.
1240 3557 1277 3613 ad
1289 3557 1353 3613 Iam.

259 3659 347 3731 praei.
366 3660 402 3716 ad
419 3660 466 3716 lib.
488 3659 576 3716 XIIII.
608 3657 642 3714 of.
661 3657 812 3727 Drumann,
832 3655 929 3713 Gesch.
948 3655 1033 3712 Rome
1052 3654 1097 3710 Vl
1115 3655 1229 3726 pg.409.

331 3778 375 3844 52)
395 3774 456 3843 Qus
473 3775 507 3830 de
527 3791 559 3828 re
579 3773 722 3830 consentio
740 3789 803 3827 cum
821 3771 982 3826 Drumanno
1001 3770 1017 3824 l
1037 3788 1061 3825 o.

329 3891 376 3960 53)
399 3888 438 3944 CI.
456 3888 492 3944 ad
508 3887 567 3944 Ata.
586 3887 607 3943 1.
624 3890 650 3943 4.
670 3889 695 3956 3,
713 3887 739 3954 7,
757 3888 800 3942 10.
818 3887 844 3954 4,
862 3885 897 3940 Π.
916 3887 934 3940 4
950 3885 1011 3939 init.

331 4003 378 4073 54)
397 4002 500 4073 Nepos,
517 4001 578 4056 uita
592 4000 682 4058 Attici
703 4003 744 4060 13.
763 4005 788 4057 3.
823 4001 985 4072 Catalogum
1002 3997 1124 4054 omnium
1142 4014 1210 4068 quos
1228 3997 1356 4054 nummus

259 4099 349 4156 Attici
366 4115 509 4156 seruorum
526 4097 611 4154 habes
630 4097 704 4168 apud
722 4097 912 4154 Drumanuum
928 4097 947 4152 l.
966 4113 990 4152 c.
1010 4094 1043 4153 V.
1064 4097 1107 4152 66.

330 4214 375 4281 55)
393 4209 439 4268 Ao
455 4211 514 4267 ne.
535 4208 596 4265 XII.
614 4211 657 4267 40.
678 4211 703 4265 1.
739 4209 774 4264 of.
786 4209 928 4282 Drumanu
946 4209 963 4262 l.
985 4225 1083 4264 comm.
