3040 4810
756 359 778 422 5

217 549 277 621 tur,
302 548 337 606 ut
358 535 463 604 omnis
484 541 567 604 bene
588 561 660 606 sese
681 561 746 604 non
768 525 919 621 habeant,
933 539 1005 634 ‘nisi
1025 563 1075 626 ep.
1100 542 1194 608 XIII.
1221 542 1261 608 15
1282 553 1327 628 et,

217 649 258 712 16
279 655 353 734 post
376 647 542 733 epistulam
568 649 643 713 VII.
666 648 687 712 5
710 649 750 712 ad
774 649 912 714 eundem
933 649 1081 734 scriptam
1101 651 1223 735 positae
1245 653 1312 716 fiue-

219 755 292 837 rInt,
317 757 393 822 item
413 754 502 820 XIII.
530 755 572 820 29
593 764 666 821 ante
686 755 728 822 X.
753 755 864 821 1-24.
908 756 1018 841 Itaque
1043 757 1113 822 illas
1150 759 1252 846 (XIII.
1279 762 1339 826 15*

219 875 251 932 et
263 867 316 953 16)
338 866 446 930 nuhaa
468 865 593 931 litterae
614 865 647 928 in
668 865 783 930 eodem
806 864 883 931 folio
906 867 1097 932 antecedere
1120 867 1313 953 debuissent,

221 977 302 1042 hanc
326 975 429 1062 (XIII.
454 977 509 1063 29)
526 976 634 1041 nullae
656 977 755 1062 sequi.
803 975 885 1042 Cum
913 986 1018 1042 autem
1049 978 1202 1063 epistulae
1224 979 1313 1046 XIII.

220 1085 269 1168 15,
295 1085 335 1150 16
359 1093 390 1150 et
410 1085 453 1151 ib.
479 1084 615 1150 17-28·
638 1093 670 1150 et
691 1085 733 1150 ib.
755 1085 796 1150 29
820 1106 893 1149 sese
914 1085 1084 1170 excipiant,
1109 1109 1244 1152 necesse
1269 1099 1316 1153 est

219 1191 290 1258 illas
314 1193 369 1279 (15
386 1201 417 1257 ot
431 1193 485 1280 16)
510 1192 543 1256 in
566 1193 680 1258 eodem
703 1193 780 1258 folio
805 1193 884 1258 nihil
905 1202 1048 1259 secutum
1069 1195 1117 1276 sit,
1140 1195 1222 1261 hanc
1245 1197 1314 1284 (29)

217 1300 299 1390 nihil
322 1301 527 1366 antecesserit
546 1339 586 1350 -
608 1309 706 1366 restat
725 1300 841 1386 igitur,
871 1309 906 1365 ut
934 1311 965 1366 et
991 1323 1064 1388 epp.
1087 1301 1179 1367 XIII.
1202 1305 1251 1387 15,
1276 1307 1316 1370 16

220 1417 251 1472 et
276 1429 325 1494 ep.
351 1407 442 1472 XIII.
461 1409 502 1474 29
523 1431 621 1474 unum
646 1409 887 1496 quaternionem
906 1431 934 1496 q.
960 1411 991 1475 d.
1014 1412 1189 1477 effecerint.
1218 1411 1315 1492 Quod

221 1537 287 1581 non
305 1515 350 1580 ita
370 1515 468 1590 finisse
490 1539 562 1582 cum
584 1517 713 1583 aliunde
744 1526 811 1582 tum
838 1539 880 1584 ex
908 1520 977 1606 ipsa
1003 1519 1153 1584 foliorum
1182 1521 1314 1605 ratione,

222 1646 303 1710 quae
324 1625 442 1688 frustra
464 1625 539 1690 talia
558 1626 650 1690 uobis
671 1626 799 1712 fingere
813 1627 1021 1709 studebimus,
1043 1637 1078 1690 ut
1098 1628 1154 1694 illa
1173 1637 1316 1714 transpo-

222 1732 293 1798 sitio
317 1731 389 1797 fieri
412 1733 568 1818 potuerit,
599 1734 673 1798 satis
705 1733 846 1820 adparet.
899 1734 991 1814 Quae
1018 1757 1089 1800 cum
1119 1737 1162 1800 ita
1191 1736 1254 1801 sint
1275 1737 1316 1803 de

220 1841 419 1928 transpositis
442 1841 525 1906 foliis
554 1844 644 1908 nullo
663 1844 760 1909 modo
785 1846 925 1932 cogitare
950 1845 1034 1912 lieet.
1077 1846 1165 1928 Quid
1185 1845 1316 1912 autem?

219 1951 257 2020 Si
286 1951 318 2015 in
350 1951 563 2017 describendo
591 1952 666 2018 illae
696 1953 737 2018 dc
767 1953 881 2040 quibus
915 1956 1039 2041 agimus
1072 1955 1225 2042 epistulae
1256 1978 1313 2020 suo

219 2061 291 2126 loco
319 2070 423 2126 motae
451 2083 516 2126 non
546 2071 637 2144 sunt,
667 2083 719 2128 eas
747 2065 823 2128 Inde
851 2066 889 2129 ab
915 2065 1003 2130 iuitio
1025 2067 1058 2128 in
1082 2065 1167 2130 hunc
1186 2066 1316 2129 modum

220 2171 389 2257 dispositas
407 2172 507 2236 fuisse
530 2171 722 2238 concludere
743 2173 908 2239 debemus.
938 2175 995 2238 ‘At
1017 2174 1064 2255 ci,
1089 2175 1142 2260 qui
1166 2174 1316 2260 epistulas

222 2278 379 2365 conlegit,
402 2301 499 2366 supra
529 2281 745 2346 intellexImus
770 2283 834 2347 tale
857 2283 934 2369 quid
956 2283 1098 2349 tribuere
1120 2305 1185 2348 nou
1217 2283 1317 2347 licere

219 2425 262 2438 —-
283 2411 345 2474 quc
362 2391 458 2454 modo
481 2389 589 2474 igitur,
611 2412 693 2474 quae
714 2391 796 2456 facta
818 2412 889 2456 asse
910 2391 1025 2456 nostris
1039 2391 1138 2456 oculis
1158 2390 1315 2473 uidemus,

219 2505 254 2559 ut
276 2517 398 2580 negare
420 2517 625 2581 nequeamus,
651 2497 876 2583 explicemus?
914 2521 976 2585 quo
998 2500 1094 2564 modo
1119 2507 1149 2564 ct
1172 2497 1315 2584 Scyllam

220 2614 253 2670 et
276 2603 473 2690 Charybdim
497 2604 661 2670 uitemus?
702 2609 775 2672 Vna
794 2616 923 2692 tantum,
947 2610 974 2674 si
997 2610 1073 2694 quid
1084 2608 1191 2689 uidae,
1215 2607 1316 2696 expli-

227 2714 319 2780 candi
348 2723 435 2800 patet
464 2714 532 2778 uia:
562 2715 671 2801 legem
697 2717 836 2802 quidem,
869 2740 961 2803 quam
992 2717 1051 2783 sibi
1080 2719 1150 2804 ipse
1176 2717 1316 2798 instituit,

222 2845 317 2889 nemo
347 2823 381 2888 in
411 2823 620 2910 disponendis
650 2825 793 2914 epistulis
823 2828 1006 2913 neglegere
1027 2827 1146 2913 potuit,
1170 2849 1240 2892 cum
1261 2848 1317 2890 cur

220 2939 390 3004 recederet
412 2961 476 3002 non
507 2947 593 3004 esset
619 2979 661 2988 -
694 2963 854 3006 sumamus
884 2941 982 3027 igitur
1013 2940 1224 3029 epistulas
1245 2941 1316 3006 illas

220 3070 297 3134 quas
322 3047 455 3114 dicimus
479 3047 527 3113 ad
561 3048 798 3114 familiares
820 3050 897 3116 inde
919 3053 957 3116 ab
980 3049 1069 3115 initio
1091 3072 1172 3115 non
1191 3073 1315 3117 unum

222 3179 379 3246 corpus
401 3156 626 3241 effecisse,
658 3157 732 3222 sed
756 3158 993 3245 complura,
1022 3167 1058 3223 ut
1079 3145 1150 3226 cum
1173 3159 1313 3246 complu-

219 3288 272 3334 res
295 3261 347 3330 eas
368 3265 579 3351 conligerent,
602 3288 729 3332 suarum
746 3266 878 3352 quisque
891 3267 1037 3333 ordinem
1049 3289 1181 3334 seruare
1204 3278 1316 3355 potue·

218 3381 270 3446 rit.
314 3379 412 3460 Quod
431 3380 473 3444 ita
493 3402 563 3446 esse
587 3401 626 3446 eo
649 3380 861 3445 confidentius
885 3379 1079 3444 contendere
1102 3378 1193 3460 licet,
1228 3377 1314 3463 quod

219 3491 258 3554 ab
277 3489 338 3554 alia
359 3489 494 3575 quadam
516 3497 607 3575 parte
631 3511 732 3575 eaque
760 3490 799 3555 ab
826 3496 935 3555 nostra
968 3509 1099 3576 prorsus
1133 3487 1260 3552 diuersa
1281 3487 1313 3550 in

221 3598 355 3663 eandem
379 3599 566 3664 seutentiam
588 3598 785 3663 adducimur.
839 3595 920 3664 Cum
944 3598 1028 3662 enim
1053 3597 1106 3684 qui
1132 3605 1255 3662 eeteros
1276 3594 1313 3658 li-

220 3707 295 3771 bros
317 3704 457 3790 conlegit
486 3713 745 3792 argumentorum
770 3703 858 3768 nulla
883 3704 1005 3768 ratione
1036 3703 1143 3768 habita
1177 3699 1217 3766 ad
1246 3700 1314 3765 sola

220 3811 408 3897 scriptorum
428 3813 557 3880 nomina
577 3813 774 3900 respexerit,
805 3813 915 3878 tertIus
939 3813 1080 3879 decimus
1103 3811 1186 3878 liber
1208 3811 1311 3876 nullas

221 3921 372 4008 epistulas
393 3922 453 3988 nisi
476 3923 750 3990 commendaticias
766 3923 805 4008 12)
829 3923 967 3990 eontinet
978 3971 988 4004 ,
1022 3921 1057 3993 id
1080 3919 1165 4008 quod
1188 3943 1226 3986 co
1248 3943 1312 3984 ma·

290 4179 334 4249 12)
352 4177 414 4234 Vna
430 4176 510 4261 huius
526 4176 593 4232 libri
610 4176 729 4248 epistula
750 4171 1064 4246 (duodesaptuagesIma)
1082 4189 1139 4226 non
1157 4170 1219 4240 ipsa
1237 4185 1309 4225 com·

218 4276 385 4333 mendatieia
402 4279 459 4348 est,
478 4273 527 4330 sed
546 4291 616 4344 quae
635 4273 732 4330 eicere
750 4271 868 4328 Seruilio
886 4270 1036 4342 respondet
1060 4269 1194 4345 continet.
1242 4268 1311 4323 lium
