3040 4810
759 355 800 418 36

234 550 327 608 serat.
371 539 437 603 Iam
458 560 529 603 cum
552 535 702 623 epistulas
724 535 765 599 ad
787 533 927 598 Atticum
950 555 1015 596 non
1035 542 1108 598 ante
1129 553 1223 618 quam
1255 533 1331 598 scri·

231 651 348 740 psisset
377 648 547 716 Cornelius
577 645 677 731 capita
698 644 878 711 1-XV111.
910 645 994 710 uitae
1021 645 1119 710 Attici
1152 645 1331 730 diuulgatas

232 781 303 826 esse
325 756 598 838 intellexerimus,
630 778 692 842 quo
714 765 861 842 tempore
881 756 963 820 hanc
988 755 1130 841 priorem
1154 755 1237 819 uitae
1257 776 1330 842 par-

238 877 302 932 tem
321 867 432 954 Nepos
457 865 680 951 composuerit,
706 865 878 950 quaeritur.
922 864 1018 945 Quod
1035 863 1112 929 iiiuc
1135 863 1264 948 quidem
1274 865 1332 928 At·
1358 909 1360 916 ι

236 976 308 1058 tioo,
332 976 363 1040 h.
386 997 412 1040 e.
435 984 506 1042 ante
527 997 645 1040 annum
665 971 877 1061 IOGOXXIL
909 975 1024 1040 factum
1046 995 1116 1039 esse
1139 974 1209 1060 ipsa
1232 973 1332 1038 diser·

236 1085 275 1150 tis
297 1085 406 1151 uerbis
427 1084 515 1150 initio
539 1107 608 1170 cap.
629 1081 765 1148 XVIIII.
789 1083 901 1165 tradit,
936 1085 995 1148 sed
1022 1083 1131 1169 paullo
1156 1082 1332 1148 accuratius

236 1193 346 1279 scripti
377 1193 452 1258 libri
480 1201 607 1279 tempus
640 1192 775 1256 definire
796 1214 976 1278 possumus.
1028 1192 1212 1279 Agrippina
1248 1191 1332 1257 enim

235 1301 390 1390 Pomponi
412 1302 537 1388 neptis,
574 1325 645 1366 cum
676 1300 784 1387 paullo
805 1309 879 1389 post
902 1301 1156 1387 quamprimum
1175 1301 1258 1366 uitae
1280 1325 1333 1366 an·

235 1435 311 1477 num
346 1410 489 1498 degisset
510 1410 640 1478 Tiberio
671 1409 901 1495 sponderetur,
933 1431 1067 1495 cumque
1089 1409 1215 1474 Atticus
1246 1409 1334 1476 haud

234 1521 277 1584 ita
298 1521 390 1586 breui
411 1520 560 1608 postilla
583 1519 742 1608 sponsalia
762 1527 906 1584 mortuus
929 1541 999 1584 esse
1023 1527 1132 1605 posset
1154 1517 1330 1606 (quodNe

238 1652 300 1715 pos
323 1630 556 1714 c.19.§.4sq.
580 1629 883 1713 commemorasset),
908 1628 1073 1694 minimum
1097 1629 1220 1694 duobus
1243 1628 1333 1692 annis

236 1748 308 1804 ante
330 1761 425 1803 auum
458 1739 640 1804 defunctum
663 1747 733 1804 nata
767 1748 815 1804 est
834 1739 866 1804 h.
889 1760 917 1804 e.
943 1748 997 1804 aut
1027 1763 1053 1804 a.
1073 1737 1253 1806 IOOOXX.
1281 1748 1334 1803 aut

237 1856 339 1912 antea.
360 1847 427 1912 Iam
438 1845 550 1932 Nepos
572 1847 642 1934 ipse
667 1869 806 1932 eaquae
827 1846 903 1912 inde
925 1872 943 1911 a
967 1846 1067 1934 capite
1090 1846 1333 1912 undeuicesimo

241 1955 442 2020 traderentur
473 1964 640 2041 postquam
669 1955 811 2042 priorem
840 1955 923 2020 uitae
952 1966 1073 2042 partem
1104 1953 1335 2041 composuisset

236 2066 317 2130 facta
340 2085 411 2130 esse
432 2064 563 2144 fatetur,
597 2074 632 2128 ut
664 2074 758 2154 caput
779 2075 906 2130 sextum
936 2064 1095 2131 decimum
1123 2073 1195 2128 ante
1216 2085 1334 2128 annum

235 2170 415 2241 IOCOXX.
445 2173 650 2262 scriptum⁷2)
684 2195 754 2240 esse
780 2175 941 2262 adpareat.
992 2173 1060 2240 Sed
1089 2173 1176 2238 unde
1205 2173 1334 2238 undem

241 2283 339 2365 uenit,
362 2291 396 2348 ut
406 2282 531 2348 Atticus
555 2292 624 2348 octo
643 2285 731 2348 annis
754 2291 827 2370 post
843 2282 1008 2350 Ciceronis
1027 2292 1162 2347 mortem
1185 2281 1336 2367 epistulas

244 2390 311 2456 cius
347 2391 504 2458 conlectos
530 2391 659 2478 quidem
689 2391 822 2458 haberet
860 2388 1032 2476 amicisque
1057 2391 1122 2455 suis
1145 2389 1273 2472 missas,
1305 2389 1339 2456 in

238 2501 356 2586 uulgus
380 2499 613 2566 neronondum
637 2499 763 2565 editas?
806 2499 940 2586 Duplex
955 2499 1049 2564 huius
1065 2499 1112 2564 rei
1133 2508 1240 2585 potest
1263 2519 1334 2564 esse

241 2631 368 2688 caussa;
403 2617 456 2672 aut
479 2608 563 2674 enim
585 2608 736 2693 epistulas
772 2609 812 2672 ad
842 2630 878 2673 se
908 2608 1020 2674 missas
1046 2607 1107 2672 nisi
1139 2615 1212 2694 post
1248 2611 1338 2674 suam

241 2717 340 2804 ipsius
363 2726 498 2782 mortem
522 2717 649 2781 omnino
671 2716 773 2781 noluit
785 2716 954 2802 diuulgari,
978 2726 1031 2782 aut
1046 2719 1169 2783 turbata
1179 2716 1236 2782 illo
1257 2727 1337 2784 tem-

237 2848 317 2913 pore
348 2849 400 2892 res
434 2825 562 2914 publica
594 2825 824 2912 impedimento
859 2826 927 2890 fuit.
976 2825 1090 2912 Neque
1123 2826 1207 2891 enim
1230 2827 1335 2892 solum

238 2944 403 3022 postquam
424 2935 674 3023 proscriptiones
695 2935 753 2999 uix
776 2935 859 3020 fugit
879 2935 971 3000 uillas
997 2958 1069 3000 suas
1081 2933 1258 3023 Epiroticas
1280 2958 1337 3023 pe-

237 3045 337 3128 tierat,
362 3045 421 3110 sed
434 3053 545 3131 postea
575 3065 705 3130 quoque
725 3043 770 3109 ibi
793 3053 937 3110 uersatus
950 3067 1021 3110 esse
1036 3046 1163 3112 uidetur
1174 3043 1227 3132 ἵ3).
1251 3044 1338 3126 Quin

243 3155 336 3222 etiam
359 3176 559 3240 nequaquam
585 3154 654 3219 ueri
682 3153 834 3220 dissimile
864 3163 928 3237 est,
963 3177 1036 3220 eum
1067 3177 1126 3242 per
1156 3155 1336 3241 complures

238 3285 355 3345 annos,
393 3262 505 3346 quibus
537 3263 672 3328 alterum
693 3262 813 3328 bellum
838 3262 931 3327 ciuile
953 3264 1087 3328 alterum
1110 3272 1252 3328 secutum
1278 3272 1336 3345 est,

237 3374 271 3438 in
295 3371 429 3438 Graecia
450 3371 603 3436 mansisse
639 3381 732 3457 atque
763 3395 790 3436 a.
812 3368 1040 3438 IOCCXVIII.
1077 3372 1227 3453 demum,
1266 3394 1336 3438 cum

240 3478 431 3548 Octauianus
448 3480 570 3546 Vrbem
591 3479 776 3565 Italiamque
795 3480 905 3565 paullo
929 3489 1108 3566 pacauerat,
1131 3479 1266 3544 Romam
1286 3502 1337 3544 re-

242 3591 328 3658 disse
350 3628 392 3640 -
423 3589 510 3656 idem
531 3589 616 3654 enim
637 3588 770 3657 Sullano
792 3589 878 3654 bello
900 3587 1058 3674 flagrante
1080 3588 1209 3655 fecerat.
1255 3588 1336 3669 Quis

239 3845 310 3915 cias)
332 3850 364 3900 tu
381 3845 486 3915 igitur,
510 3845 533 3898 si
550 3861 595 3898 me
614 3859 702 3912 amas,
733 3842 845 3923 curabis
871 3869 904 3880 -
931 3840 1055 3895 simodo
1077 3841 1206 3896 mittetur
1233 3842 1340 3895 -isto

239 3942 321 3998 modo
337 3942 502 4004 mittendam
523 3941 645 3996 Domitio
663 3944 692 3996 et
709 3941 806 3996 Bruto.
842 3940 876 3995 cf.
895 3939 962 3996 ibid.
981 3958 1024 4012 ep.
1039 3941 1082 3996 48.
1103 3943 1127 3995 2.

313 4057 357 4127 72)
376 4055 462 4110 Edita
480 4059 573 4110 autem
590 4054 650 4110 uita
661 4054 759 4111 'Attici
779 4071 851 4109 anno
870 4054 1009 4110 mccxx.
1028 4071 1089 4110 esse
1104 4058 1207 4125 potest,
1225 4058 1262 4132 ut
1275 4053 1342 4123 Nip-

242 4153 346 4224 perdey
362 4152 391 4208 in
411 4152 454 4206 ed.
475 4169 540 4206 suae
560 4151 649 4222 (1849)
667 4169 714 4222 pg.
732 4151 817 4206 XVII.
837 4150 943 4206 statuit.

316 4268 360 4339 73)
377 4266 440 4326 vid.
459 4265 577 4338 Nepotis
595 4265 645 4322 uit.
662 4265 723 4321 Att.
740 4264 788 4320 XI.
808 4266 821 4319 1
842 4267 872 4320 et
888 4267 914 4322 2.
