3040 4810
760 351 801 414 24

232 554 365 599 scamur.
419 530 619 616 Quamquam
642 531 727 595 enim
751 530 824 619 plus
853 539 977 596 centum
1005 531 1231 617 quinquaginta
1252 530 1330 596 locis

234 642 272 707 ab
293 640 428 725 antiquis
450 638 660 727 scriptoribus
689 639 745 704 uel
772 638 935 706 Ciceronis
966 641 1120 726 epistulae
1149 640 1182 703 in
1202 639 1329 704 uniuer-

233 771 302 814 sum
325 756 614 815 commemorantur
633 749 689 813 uel
712 748 912 834 singularum
933 751 1034 815 uerba
1054 749 1257 832 adferuntur,
1287 757 1331 813 ta·
1373 826 1376 830 ¹

233 881 308 923 men
329 859 363 922 hi
381 857 445 923 loci
466 858 508 922 ita
530 857 702 942 comparati
726 867 814 938 sunt,
847 867 882 922 ut
903 859 1017 922 eodem
1041 857 1110 922 iure
1140 856 1329 944 eprimige-

233 966 293 1032 niis
315 967 377 1032 illis
400 967 490 1034 libris
513 990 575 1053 quo
607 989 650 1033 ex
675 967 833 1055 excerptis
857 989 911 1032 ces
940 976 1083 1052 sumptos
1110 987 1180 1032 csse
1202 976 1328 1032 stamas.

232 1077 343 1161 ltaque
365 1085 429 1141 tres
451 1085 571 1143 tantum
592 1085 674 1158 sunt,
701 1077 788 1141 unde
809 1077 928 1162 aliquid
941 1076 1107 1159 discamus,
1130 1097 1206 1162 quos
1219 1075 1329 1162 paullo

232 1186 403 1251 accuratius
425 1195 560 1252 tractare
584 1186 754 1250 debemus:

320 1295 354 1382 1)
378 1295 505 1361 Gellius
528 1294 553 1359 1.
576 1295 627 1362 22.
651 1295 706 1360 19:
738 1295 797 1376 ,Ita
829 1294 912 1359 enim
942 1295 1093 1381 scriptum
1123 1293 1224 1358 estin
1246 1293 1329 1360 libro

235 1404 440 1489 epistularum
463 1405 505 1470 M.
519 1404 684 1470 Ciceronis
708 1404 746 1468 ad
770 1403 808 1468 L.
823 1402 975 1469 Plancum
999 1404 1083 1468 etin
1107 1403 1242 1488 epistula
1257 1403 1327 1491 (M.)

234 1511 327 1578 Asini
347 1511 502 1578 Pollionis
532 1513 572 1578 ad
605 1511 795 1579 Ciceronem
816 1515 924 1578 uerbis
946 1512 1012 1576 his:
1044 1511 1125 1576 Nam
1148 1534 1253 1598 neque
1274 1513 1328 1578 de·

236 1643 306 1688 esse
327 1621 375 1687 rei
396 1620 545 1708 publicae
573 1622 647 1687 uolo
678 1643 784 1707 nequo
815 1603 1009 1708 superesse!
1059 1619 1183 1701 Quibus
1219 1621 1328 1688 uerbis

233 1730 378 1817 respexit
397 1729 522 1797 Gellius
545 1730 586 1794 ad
606 1730 713 1796 locum
737 1751 810 1818 epp.
835 1729 874 1804 ad
896 1729 1081 1794 famhunc:
1104 1728 1200 1812 ,Nam
1223 1751 1328 1816 neque

236 1841 349 1906 deesse
370 1861 476 1924 neque
497 1859 667 1926 superesse
685 1839 733 1904 rei
762 1838 910 1926 publicae
930 1839 1027 1920 uolo‘,
1051 1860 1131 1924 quae
1145 1838 1270 1904 litterae
1291 1861 1327 1906 re

233 1971 312 2015 uera
338 1949 377 2014 ab
407 1948 519 2015 Asinio
543 1947 676 2013 Polione
707 1947 747 2012 ad
769 1946 959 2014 Ciceronem
983 1946 1120 2032 scriptae
1150 1955 1244 2032 atque
1273 1949 1329 2013 de·

236 2058 316 2126 cimo
339 2080 470 2140 eorum,
504 2057 557 2145 qui
580 2057 620 2122 ad
640 2077 699 2122 nos
721 2065 940 2144 peruenerunt
960 2057 1116 2122 librorum
1141 2057 1198 2144 (X.
1221 2057 1271 2123 33.
1293 2058 1327 2143 3)

234 2169 373 2234 insertae
394 2175 475 2233 sunt.
503 2165 585 2234 Cum
608 2175 711 2232 autem
731 2166 784 2232 hie
806 2168 875 2254 ipsc
898 2167 981 2234 liber
1000 2167 1123 2232 initium
1140 2175 1268 2254 caperet
1289 2168 1328 2233 ab

238 2275 391 2364 epistulis,
416 2297 492 2362 quas
515 2273 628 2342 Cicero
651 2275 769 2342 Planco
794 2276 940 2358 misisset,
964 2297 1096 2360 prorsus
1124 2297 1165 2342 ex
1187 2277 1327 2362 antiquo·

236 2408 307 2452 rum
328 2407 419 2450 more
442 2383 582 2450 decimus
607 2405 679 2471 epp.
703 2385 743 2449 ad
767 2385 839 2450 fam.
858 2384 939 2450 liber
958 2386 1058 2450 dietus
1078 2395 1126 2450 est
1146 2385 1240 2468 ,liber
1263 2385 1328 2472 epi·

237 2495 389 2560 stularum
402 2493 566 2561 Ciceronis
587 2493 628 2560 ad
640 2492 791 2558 Plancum
803 2493 868 2581 40)’.
894 2491 1036 2560 Gellium
1053 2493 1150 2579 igitur
1176 2502 1207 2558 et
1224 2493 1329 2579 ipsum

235 2603 305 2668 illas
327 2602 468 2667 Polionis
491 2602 609 2668 litteras
630 2601 664 2668 iu
689 2623 725 2666 eo
746 2601 829 2670 libro
851 2602 1014 2668 inuenisse
1034 2601 1191 2683 uidemus,
1216 2602 1269 2687 qui
1292 2603 1330 2667 ab

237 2712 380 2800 epistulis
412 2712 452 2776 ad
473 2710 625 2778 Plancum
656 2711 781 2796 scriptis
809 2709 931 2776 initium
954 2713 1045 2798 capit.
1097 2711 1200 2776 Huius
1227 2719 1332 2776 autem

236 2822 310 2888 libri
335 2831 423 2886 suntt

584 2931 750 2997 Ciceronis
772 2931 811 2994 ad
834 2928 988 2995 Plancum
1012 2940 1043 2995 et

583 3047 692 3113 Planci
715 3048 756 3112 ad
780 3045 981 3128 Ciceronem,

364 3209 379 3243 „
401 3161 443 3226 25
456 3160 538 3226 el26
582 3157 745 3226 Ciceronis
768 3160 808 3224 ad
828 3159 994 3241 Furnium,

363 3317 379 3350 „
400 3268 440 3332 27
640 3316 656 3350 „
783 3315 800 3350 „
821 3266 997 3354 Lepidum,

363 3427 379 3460 „
399 3379 441 3444 28
641 3425 656 3460 „
783 3427 799 3460 „
822 3377 1029 3462 Trebonium,

363 3539 379 3572 „
400 3489 442 3555 29
641 3537 657 3570 „
785 3489 910 3575 ,App
936 3486 1105 3554 Claudiurn
1131 3488 1212 3570 mai,

363 3598 443 3680 ,30
582 3597 705 3664 Galbae
785 3597 1025 3680 ,Ciceronem

362 3757 378 3789 „
402 3707 541 3772 31-33
582 3705 725 3772 Polionis
788 3755 803 3787 „
916 3755 932 3788 „

361 3815 544 3898 ,scetes
585 3814 700 3902 Lepidi
786 3863 801 3897 „
918 3863 933 3897 „

238 3975 433 3986 *οη-

330 3003 403 3068 epp.
425 2979 543 3046 1-24

307 4060 352 4131 40)
370 4061 467 4132 Itaque
487 4061 532 4130 ,et‘
551 4058 706 4131 particula,
726 4075 796 4129 quae
817 4015 959 4130 sequitur,
970 4073 1003 4114 ea
1020 4074 1090 4128 quae
1109 4055 1251 4128 explicant
1269 4072 1332 4112 cum

238 4157 278 4212 eis
296 4172 365 4227 quae
386 4157 560 4228 explicantur
579 4155 737 4227 coniungit,
764 4154 839 4226 quod
857 4153 1017 4227 saepissime
1035 4151 1097 4210 lieri
1122 4169 1202 4209 nemo
1226 4151 1334 4222 estqui

236 4255 356 4325 ignoret.
