3040 4810
741 354 761 418 8

292 538 387 628 primi
420 538 562 625 corporis
586 545 671 602 esset
693 537 776 602 intra
800 559 873 625 epp.
894 539 971 604 1111.
995 541 1016 604 6
1053 549 1084 602 et
1113 541 1192 606 IIII.
1215 541 1264 621 12,

293 648 425 713 secundi
489 693 504 724 ῃ
606 691 621 723 ,,
723 692 741 728 „
826 691 843 728 „
928 647 969 711 X.
992 647 1072 730 28,
1148 648 1191 712 X.
1214 648 1265 730 34,

292 755 375 819 tertii
485 802 502 836 „
603 801 619 834 „
721 803 737 835 ,‚
823 802 839 836 ,
878 755 972 822 XIII.
994 756 1034 821 47
1060 756 1191 838 ,XIIL
1213 757 1264 837 61,

295 863 397 948 quarti
492 909 508 944 ,
611 911 627 946 ,‚
669 862 752 930 XVI
768 872 848 929 extr.

211 972 297 1041 Sane
316 973 343 1036 si
365 972 434 1057 quis
454 971 536 1036 nihil
558 973 688 1038 efficere
710 973 851 1053 studeat,
874 971 935 1036 nisi
963 977 997 1036 ut
1027 973 1133 1038 omnia
1160 972 1307 1058 regulam

209 1104 306 1169 supra
326 1084 521 1168 propositam
543 1090 731 1167 sequantur„
759 1081 813 1146 hic
843 1081 940 1146 talem
970 1079 1181 1148 distribuendi
1212 1081 1305 1146 ratio-

211 1213 286 1256 nem
309 1190 417 1266 laudet
440 1191 640 1277 libenterque
663 1199 823 1277 capessat3
856 1211 948 1274 quam
972 1211 1104 1276 prorsus
1124 1188 1307 1274 relinquen-

210 1299 284 1362 dam
310 1319 380 1362 esse
402 1297 495 1364 facilc
516 1298 607 1364 nobis
629 1297 902 1383 persuadebimus.
955 1296 1114 1364 Videntur
1144 1299 1227 1362 enim
1248 1318 1309 1382 po:

208 1406 269 1470 tius
293 1429 369 1491 quas
390 1406 488 1472 modo
518 1407 666 1472 recensui
698 1407 854 1492 epistulae
886 1428 957 1473 cum
986 1405 1102 1491 regula
1134 1427 1198 1470 non
1235 1426 1307 1472 con-

210 1535 338 1602 gruere,
362 1536 455 1599 quam
476 1535 513 1579 re
534 1535 612 1578 uera
635 1513 868 1600 eirepugnent.
910 1513 992 1578 Nam
1013 1512 1100 1578 unde
1119 1514 1236 1579 factum
1257 1513 1307 1595 sit,

209 1632 244 1688 ut
269 1633 317 1688 ter
345 1624 399 1712 (cf.
422 1624 553 1688 alteram
576 1631 764 1710 conspectus
787 1623 924 1710 partem)
959 1622 1113 1710 epistulae
1141 1647 1159 1688 a
1182 1622 1307 1688 duobus

211 1731 287 1796 uiris
310 1740 418 1796 mutue
439 1732 576 1818 scriptae
597 1731 639 1796 ita
659 1730 778 1797 alterae
799 1734 837 1797 ab
863 1730 970 1795 alteris
994 1729 1235 1813 dirimerentur,
1269 1737 1304 1794 ut

211 1863 286 1926 quas
308 1840 398 1928 prior
418 1839 598 1926 scripsisset
618 1839 702 1922 huic,
726 1862 802 1925 quas
826 1839 906 1904 alter
925 1838 973 1903 illi
994 1839 1077 1906 libro
1091 1838 1308 1905 tribuerentur

210 1989 252 1999 —
272 1949 332 2015 boc
352 1949 435 2013 infra
456 1949 634 2036 explicabo,
657 1971 729 2014 cum
752 1971 794 2014 ex
815 1949 884 2036 ipsa
905 1948 1037 2032 ratione,
1061 1949 1219 2034 quahacc
1241 1970 1308 2014 cor-

210 2080 291 2146 pora
314 2068 381 2122 orta
401 2065 494 2139 eunt,
528 2057 623 2124 facile
645 2058 807 2143 adpareat.
859 2056 983 2145 Sulpici
1012 2067 1117 2123 autem
1137 2055 1310 2124 Lemoniae

211 2166 347 2252 epistula
370 2166 428 2254 (ad
451 2167 522 2232 farn.
545 2167 627 2234 IIII.
652 2166 705 2253 12)
727 2175 899 2255 propterea
921 2191 940 2231 a
962 2166 1076 2232 ceteris
1094 2166 1238 2233 eiusdem
1258 2189 1307 2232 se·

211 2276 318 2341 iuncta
348 2275 512 2341 Ciceronis
545 2285 576 2341 et
603 2275 749 2342 Marcelli
776 2276 892 2341 mutuis
922 2276 1065 2362 epistulis
1097 2273 1221 2341 adiecta
1252 2286 1308 2359 est,

212 2385 297 2470 quod
316 2383 410 2450 huius
434 2384 577 2452 eiusdem
600 2383 742 2451 Marcelli
772 2395 907 2452 mortem
933 2396 1047 2451 narrat.
1099 2387 1212 2472 Itaque
1236 2409 1307 2452 cum

210 2494 298 2558 solac
320 2492 445 2559 litterae
469 2493 530 2562 Sili
555 2493 664 2580 (ΧΙΠ.
682 2495 738 2579 47)
761 2504 891 2578 restent,
915 2496 1001 2561 hunc
1020 2493 1146 2577 Silium,
1171 2495 1231 2560 nisi
1252 2519 1307 2560 nc-

210 2623 285 2667 men
308 2611 498 2688 corruptum
521 2613 577 2686 cst,
600 2604 699 2668 alium
719 2625 791 2670 csse
811 2627 848 2670 ec
869 2603 958 2669 illum
980 2603 1016 2668 P.
1031 2604 1146 2674 Silium
1156 2603 1307 2686 Neruam,

212 2712 263 2777 cui
282 2709 366 2776 misit
378 2709 492 2778 Cicero
507 2735 579 2800 epp.
596 2713 690 2779 XIII.
704 2713 839 2798 61-65,
861 2723 937 2800 puto
955 2714 1008 2802 1⁶).
1050 2712 1117 2780 Sed
1139 2721 1208 2776 utut
1229 2712 1310 2777 haec

211 2843 247 2886 se
270 2821 392 2888 habent
409 2853 451 2868 -—
483 2822 558 2886 nolo
582 2821 719 2886 enimin
741 2825 838 2888 rebus
862 2844 943 2907 quae
964 2845 1053 2888 suam
1074 2821 1179 2888 lucem
1202 2818 1304 2885 statim

211 2934 293 3000 infra
317 2931 472 3018 accipient
492 2952 553 2996 nec
573 2931 682 3018 magni
704 2932 854 2997 momenti
883 2941 955 2997 sunt
976 2932 1093 3018 longus
1118 2951 1252 2996 esse-
1273 2928 1307 2995 in

211 3043 267 3108 illa
291 3052 437 3128 quattuor
460 3065 595 3130 corpora
617 3043 772 3130 epistulae
793 3040 833 3106 ad
852 3042 925 3108 fam.
950 3041 1086 3107 discindi
1109 3062 1308 3126 nequaquam

210 3159 357 3238 possunt.
400 3149 516 3238 Neque
540 3151 623 3217 enim
644 3152 846 3238 singulorum
870 3173 1039 3240 corporum
1064 3151 1144 3216 fines
1169 3151 1202 3215 in
1223 3150 1308 3216 huno

211 3259 342 3327 modum
363 3267 502 3326 statuere
525 3262 600 3326 licet
610 3310 620 3343 ,
641 3271 676 3326 ut
697 3285 767 3327 cum
788 3263 965 3343 librorum,
995 3262 1102 3348 quales
1125 3283 1211 3326 nunc
1235 3270 1309 3326 sunt

212 3371 328 3436 finibus
351 3391 417 3434 non
440 3379 632 3457 congruant,
666 3371 785 3456 quippe
811 3370 864 3456 qui
884 3373 922 3438 ab
944 3370 1032 3437 initio
1053 3371 1153 3436 fuisse
1176 3369 1306 3436 uidean-

211 3488 262 3544 tur
270 3479 321 3563 18).
365 3476 425 3546 Sili
455 3499 532 3546 uero
557 3479 676 3546 litteras
708 3501 746 3546 eo
773 3488 808 3545 ut
829 3501 944 3568 corpus
967 3479 1097 3564 aliquod
1119 3479 1202 3544 inter
1226 3478 1309 3544 tertii

211 3663 407 3678 ........--

282 3781 327 3851 15)
343 3780 439 3850 Neque
458 3783 502 3836 cst
521 3797 571 3836 cur
587 3780 666 3835 illum
684 3779 802 3836 eundem
820 3795 881 3836 esse
900 3782 1062 3849 statuemur,
1081 3797 1145 3836 cum
1163 3779 1193 3836 in
1210 3781 1309 3858 epyl'l.

214 3877 311 3934 Cicero
328 3895 507 3948 praenomen,
527 3877 602 3948 quod
616 3877 646 3932 in
656 3895 718 3949 epp.
731 3880 837 3934 61-65
854 3877 970 3946 eddidit,
989 3876 1123 3947 omiserit,
1141 3893 1258 3948 cumque
1268 3876 1308 3932 Μ.

211 3974 303 4030 Tullio
333 3992 395 4030 cum
420 3975 483 4031 aliis
506 3975 580 4032 Siliis
604 3991 664 4030 rem
681 3974 765 4029 luisse
790 3992 854 4045 epp.
876 3973 913 4030 e'd
929 3973 1016 4031 Attio.
1034 3975 1095 4030 ΧΠ.
1115 3976 1158 4032 24.
1178 3977 1202 4045 1,
1228 3972 1305 4029 26.1

212 4071 281 4126 aliae
299 4070 426 4126 doceant.
454 4072 584 4127 Ceterum
600 4072 759 4127 chartarum
778 4071 969 4128 contusionem
983 4088 1019 4128 ne
1029 4070 1083 4129 hoo
1101 4071 1213 4142 quidem
1232 4067 1305 4136 loco,

213 4171 346 4236 quantum
366 4167 457 4237 uideo,
475 4185 582 4224 sumere
600 4168 674 4224 licet.

283 4264 328 4334 16)
346 4265 385 4320 cf.
405 4265 519 4335 Nepotis
536 4265 610 4320 uitae
628 4264 717 4320 Attici
733 4281 758 4321 c.
777 4266 819 4322 16.
838 4269 853 4331 θ
871 4266 897 4320 3.
