3040 4810
679 361 718 428 17

235 549 370 614 Prorsus
393 548 484 613 aliter
517 568 552 611 se
585 547 704 611 habent
738 545 946 632 epistulae
975 544 1023 608 ad
1056 544 1243 608 Atticum

151 659 277 725 missae.
319 656 402 722 Nam
424 656 493 740 quis
515 654 643 720 tandem
667 663 767 738 neget
788 653 928 718 sedecim
950 651 1024 717 illos
1054 652 1153 718 libros
1175 646 1243 717 eos-

98 764 101 768 ’
152 767 226 833 dem
250 787 330 849 esse,
354 767 407 850 qui
427 765 516 830 initio
539 762 727 830 editisunt?
751 763 819 848 quis
840 764 919 828 tales
941 781 1000 848 pro
1016 761 1178 847 excerptis
1193 761 1246 825 ha-

152 877 252 944 beat?
295 875 361 939 Vix
389 874 489 960 igitur
518 893 597 958 opus
624 881 708 936 esset
730 870 862 937 Corneli
888 869 1023 955 Nepotis
1056 869 1246 950 testimonie,

153 986 206 1071 qui
229 987 273 1072 (u.
297 983 394 1048 Attici
414 983 463 1048 16.
489 982 524 1068 3)
546 981 626 1046 haec
646 988 767 1044 narrat:
796 979 956 1062 ,undecim
986 978 1149 1044 uolumina
1182 978 1247 1064 epi·

152 1094 305 1160 stularum
328 1095 366 1158 ab
396 1091 559 1160 consulatu
585 1091 652 1154 eius
676 1089 757 1178 (scil.
782 1087 961 1177 Ciceronis)
988 1109 1091 1174 usque
1120 1087 1160 1153 ad
1194 1109 1249 1152 ex·

152 1213 289 1270 tremum
313 1210 438 1287 tempus
459 1199 501 1264 ad
523 1199 662 1264 Atticum
683 1198 872 1262 missarum‘.
925 1196 1017 1278 Quae
1039 1200 1138 1262 uerba
1156 1195 1248 1263 nobis

152 1310 333 1378 testimonio
358 1331 429 1375 csse
452 1309 535 1390 dixi,
560 1308 632 1393 quia
659 1307 728 1372 sine
753 1306 820 1371 ulla
847 1304 1042 1371 dubitatione
1073 1327 1132 1390 pro
1155 1306 1249 1392 signo

155 1419 205 1486 XI
229 1418 331 1504 (quod
352 1419 445 1484 ctiam
464 1437 549 1482 nune
569 1421 634 1481 tres
659 1415 784 1481 codices
800 1415 970 1502 praebent)
983 1414 1063 1479 XVI
1077 1437 1148 1480 cum
1160 1414 1249 1479 Aldo

152 1519 385 1594 restituendum
417 1535 481 1607 cst,
513 1547 585 1590 cum
611 1532 792 1610 temporum
823 1519 961 1589 rationes
988 1521 1178 1590 Cornelium
1208 1523 1249 1587 de

155 1638 277 1704 eisdem
315 1657 394 1722 quos
428 1657 487 1701 nos
528 1636 682 1700 habemus
719 1633 808 1699 libris
846 1635 1004 1720 cogitasse
1041 1634 1175 1699 doceant
1193 1633 1262 1720 ⁸⁰)ss

80 1753 84 1760 ’
156 1747 267 1828 Quos
293 1754 498 1832 excerpta
517 1767 598 1810 non
620 1765 713 1808 esse
743 1753 875 1809 nonest
897 1744 984 1830 quod
1008 1743 1154 1830 pluribus
1177 1763 1250 1830 per-

156 1845 271 1943 sequar
283 1857 337 1943 ³¹).

159 2043 355 2054 0--—..-—

155 2159 306 2226 stuleeld,
327 2159 369 2226 17,
389 2159 432 2224 21,
454 2159 506 2223 22,
530 2174 600 2226 quae
619 2173 669 2212 cur
686 2157 716 2210 in
738 2159 900 2226 excerptum
926 2159 1056 2225 receptae
1081 2154 1137 2210 sint
1161 2156 1252 2212 minus

154 2245 323 2314 perspicitur
343 2275 374 2284 -
396 2248 519 2298 attamen
537 2259 626 2312 neque
646 2243 699 2298 hoc
717 2261 806 2312 neque
824 2242 894 2296 illud
913 2242 1008 2296 certi
1028 2242 1094 2312 quid
1113 2244 1223 2314 probat.

228 2341 271 2410 30)
291 2340 347 2394 Soli
363 2339 451 2412 igitur
462 2340 571 2394 Corneli
584 2339 777 2411 neglegentiae
796 2343 860 2410 (qua
870 2342 941 2395 solet
951 2357 1011 2396 esse
1030 2341 1060 2394 in
1077 2340 1160 2395 rebus
1173 2339 1254 2409 parui

156 2436 298 2504 momenti)
316 2435 494 2490 tribuendum
513 2440 569 2504 est,
589 2436 662 2504 quod
682 2437 810 2506 scripsit:
836 2437 879 2504 ,ab
899 2437 1043 2492 consulatu
1061 2436 1138 2504 eius‘,
1159 2453 1251 2506 quem·

157 2547 238 2599 quam
248 2533 396 2586 nonnullae
407 2533 539 2602 epistulae
553 2533 616 2598 (etsi
624 2532 789 2602 perpaucae)
796 2533 852 2585 iam
863 2536 927 2586 ante
938 2550 1040 2586 annum
1048 2531 1252 2588 IOOLXXXXI.

159 2627 281 2696 scriptae
300 2632 372 2682 suut.
408 2628 476 2682 ltem
496 2632 654 2698 postremae
670 2628 782 2682 litterae
800 2627 883 2681 hodie
902 2628 1066 2697 superstites
1080 2627 1251 2683 menseDec.

156 2741 180 2776 a.
200 2721 422 2790 Ioccx‚nu11ae
444 2741 469 2778 a.
490 2722 616 2779 IOCOXI.
635 2723 716 2778 datae
735 2728 813 2792 sunt;
842 2723 872 2777 id
890 2722 965 2792 quod
980 2723 1045 2778 inde
1066 2723 1170 2778 factum
1192 2739 1252 2778 esse

156 2819 271 2889 conicio,
291 2819 366 2888 quod
384 2820 497 2876 Atticus
514 2819 589 2876 illius
610 2820 674 2874 anni
693 2820 840 2889 epistulas,
865 2821 895 2874 in
922 2821 1022 2890 quibus
1044 2819 1148 2874 multae
1173 2824 1253 2874 erent

154 2915 323 2982 suspiciosae
347 2915 382 2970 de
399 2933 429 2970 re
448 2915 560 2986 publica
578 2915 795 2986 disputationes,
825 2921 873 2972 aut
898 2917 993 2972 statim
1012 2921 1160 2987 postquam
1183 2915 1253 2986 legit

155 3009 275 3080 delebat,
294 3016 342 3088 aut
362 3029 416 3080 quo
436 3016 561 3082 tempore
580 3011 677 3066 Cicero
696 3013 869 3082 proscriptus
889 3017 949 3081 est,
977 3029 1029 3068 nec
1047 3031 1114 3068 uero
1132 3029 1253 3082 unquam

155 3105 257 3175 edidit3
277 3107 311 3160 cf.
322 3107 446 3173 Abelren,
464 3107 560 3161 Cicero
577 3107 608 3160 in
625 3107 720 3161 seincn
731 3107 843 3162 Briefen
862 3125 909 3178 pg.
921 3109 983 3174 426,
1002 3108 1050 3176 qui
1071 3107 1253 3164 Octauianum
1267 3157 1278 3168 .

155 3201 302 3268 quominus
320 3200 401 3253 huius
419 3199 496 3254 modi
516 3200 650 3269 epistulae
670 3200 881 3270 diuulgarentur
904 3199 1051 3269 impedisse
1075 3193 1163 3272 pu'tat.
1200 3203 1254 3259 Vix

156 3298 216 3349 erat
235 3295 282 3365 qui
296 3296 364 3350 talia
380 3296 426 3349 nel
444 3296 531 3350 uellet
548 3297 638 3350 edere.
1210 3369 1214 3376 ν

227 3394 272 3460 31)
291 3392 358 3445 Veri
380 3391 549 3446 simillimum
566 3411 633 3447 uero
652 3395 696 3447 est
714 3393 744 3445 in
755 3392 945 3446 describendis
962 3391 1089 3462 epistulis
1107 3394 1254 3450 nonnullas

156 3487 336 3556 neglegentia
356 3487 470 3541 omissas
489 3505 558 3554 essa,
580 3488 610 3541 id
630 3487 703 3557 quod
722 3504 755 3542 eo
776 3488 883 3542 facilius
908 3488 1035 3543 accidere
1053 3491 1158 3559 potuit,
1180 3490 1255 3560 quod

157 3581 255 3636 eadem
272 3583 369 3650 cuique
388 3584 475 3638 uerba
492 3584 628 3654 inscripta
646 3588 718 3638 sunt.
760 3585 852 3652 Atque
877 3601 908 3638 re
930 3601 999 3638 uere
1015 3586 1083 3638 talia
1102 3586 1176 3640 facta
1194 3603 1254 3642 esse

158 3698 201 3750 ep.
223 3681 259 3734 ad
275 3681 340 3734 fam.
355 3680 401 3734 XI.
421 3683 463 3736 13.
485 3682 519 3736 A.
539 3681 633 3750 docet,
662 3681 738 3737 cuius
756 3681 943 3751 fragmentum
963 3682 1019 3736 nisi
1036 3683 1066 3736 in
1085 3682 1185 3751 indice,
1207 3683 1254 3752 qni
1343 3750 1344 3755 ἵ

158 3776 232 3832 libro
252 3776 283 3829 in
303 3777 362 3830 eod.
379 3777 454 3831 Med.
472 3777 640 3848 praemissus
659 3782 717 3844 est,
740 3793 798 3832 non
816 3778 955 3847 reperitur
973 3766 1017 3848 (if.
1038 3777 1124 3832 Orelli
1141 3780 1254 3834 adnota-

156 3872 263 3926 tionem
288 3871 323 3925 ad
345 3873 372 3925 h.
391 3873 431 3942 l.).
473 3873 528 3928 Sed
552 3873 628 3926 idem
648 3891 710 3943 epp.
738 3873 773 3928 ed
791 3873 919 3928 Atticum
942 3873 1076 3927 accidisse
1093 3892 1254 3944 persuasum

157 3967 262 4034 habeo,
289 3985 351 4022 cum
370 3985 405 4022 ex
422 3969 465 4022 his
483 3970 551 4039 ipsis
569 3970 677 4038 antiqui
694 3971 846 4040 scriptores
870 3976 927 4026 tres
951 3972 1028 4025 locos
1047 3976 1172 4041 sumptos
1194 3989 1253 4026 esse

158 4064 280 4130 undant,
300 4081 368 4132 quos
384 4081 458 4118 nunc
475 4065 580 4118 frustra
599 4065 629 4118 in
646 4066 750 4120 nostris
768 4067 847 4121 libris
867 4067 1033 4136 quaerimus.
1071 4067 1141 4122 Sunt
1162 4073 1254 4122 autem

158 4159 200 4214 hi:
220 4159 324 4216 Seneca
345 4159 379 4214 de
397 4161 499 4216 breuit.
519 4161 594 4214 uitae
613 4161 646 4216 V.
666 4165 683 4217 2
715 4163 773 4232 (ubi
796 4163 909 4233 quidem
934 4169 992 4218 tres
1018 4163 1099 4218 codd.
1120 4165 1254 4235 scriptum

159 4257 294 4325 praebent
311 4273 368 4310 non
387 4257 430 4325 ,ad
449 4255 591 4322 Atticum‘,
619 4258 680 4314 sed:
708 4259 753 4326 ,ad
768 4259 885 4329 actium,
913 4259 949 4314 ad
967 4260 1099 4327 astitum,
1124 4261 1160 4316 ud
1178 4259 1254 4317 Acti·

1041 4361 1057 4413 2
