3040 4810
729 357 768 425 15

197 546 349 610 festum
370 551 447 618 est:
471 543 530 620 ΙΙ,
553 542 666 620 IIII,
690 540 729 620 V,
752 539 848 620 VII,
868 539 917 621 X,
939 537 1038 621 XII,
1062 539 1187 621 XIII,
1211 539 1295 604 XV.

198 647 314 720 Restat
331 661 366 716 ut
388 647 429 716 de
453 650 567 716 ceteris
590 649 679 718 lioris
703 669 777 735 epp.
799 649 840 712 ed
859 649 932 714 iam.
953 649 1130 720 uideamus.

280 759 348 830 Sed
369 757 403 824 in
426 759 475 824 his
493 749 662 824 tractandis
695 758 765 822 sola
785 756 1024 822 ratiocinatione
1053 756 1219 822 confidere
1243 756 1296 820 de-

197 873 328 951 bemus,
360 889 433 934 oum
457 847 669 953 'antiquorum
693 867 884 951 scriptorum
911 855 1110 947 testimonia,
1143 863 1297 950 aquibus

200 980 305 1044 adhuc
324 975 485 1064 proficisci
516 975 620 1058 licuit,
643 997 700 1040 nos
722 976 783 1040 iam
808 977 966 1040 deserant.
1011 973 1136 1042 Scimus
1160 973 1297 1040 seneffi-

200 1109 350 1154 cerouem
364 1119 366 1127 =
379 1086 421 1150 ad
452 1085 568 1150 multos
598 1083 684 1148 uiros
717 1084 784 1168 (uel
812 1084 872 1148 hos
906 1084 992 1170 ipsos
1021 1085 1060 1149 ad
1091 1081 1296 1170 Ciceronem)

202 1200 311 1284 plures
334 1195 485 1282 epistulas
508 1193 655 1274 dedisse,
688 1210 781 1276 quam
809 1192 849 1256 ad
881 1213 940 1256 nos
970 1183 1206 1278 peruenerunt,
1240 1177 1298 1256 sed

200 1291 275 1372 uum
297 1305 375 1370 iude
396 1306 550 1389 sequitur,
573 1311 608 1366 ut
629 1302 762 1368 eaedem
780 1301 964 1388 divulgatae
984 1301 1070 1366 siut?
1112 1295 1296 1366 Potuithau

201 1414 298 1480 dubie
316 1413 398 1495 fieri,
423 1411 482 1477 sed
504 1411 580 1476 item
590 1418 762 1498 potuerunt
775 1411 891 1475 multae
911 1433 982 1476 csse
997 1432 1135 1493 caussae,
1160 1428 1216 1476 cur
1232 1410 1298 1496 epi-

201 1523 355 1587 stularum
378 1521 517 1586 editores
542 1521 597 1584 uel
618 1517 823 1584 hesuelillas
838 1519 958 1584 litteras
978 1519 1011 1582 iu
1034 1519 1176 1583 edendos
1200 1507 1298 1583 libros

200 1631 349 1716 recipcre
369 1630 500 1711 nollent,
525 1649 601 1714 quas
624 1649 748 1694 caussas
772 1625 832 1692 sihi
853 1627 986 1712 quisque
1004 1627 1084 1714 ipse,
1107 1628 1132 1691 ei
1148 1626 1297 1713 placebit,

201 1729 313 1826 linget.
355 1739 518 1820 Attamen,
542 1741 634 1802 etiam
657 1737 684 1800 si
705 1739 743 1802 ab
766 1736 825 1802 hac
847 1736 975 1821 quidem
1004 1745 1096 1822 parte
1116 1737 1197 1800 nihil
1220 1736 1298 1801 certi

204 1850 424 1915 demonstrare
457 1867 643 1933 possumus,
678 1845 848 1911 duodecim
872 1845 993 1930 primos
1024 1846 1123 1911 libros
1151 1865 1224 1931 epp.
1257 1844 1298 1909 ad

205 1957 278 2022 tam.
300 1977 409 2021 omues
432 1955 640 2044 excerpendo
664 1963 749 2019 ortos
774 1975 845 2019 esse
866 1975 998 2040 prorsus
1019 1954 1089 2019 ueri
1110 1954 1214 2019 simile
1240 1961 1297 2018 est.

202 2062 254 2128 Ex
278 2063 447 2128 duodecim
479 2062 682 2128 cuimlibris
713 2061 876 2128 dimidiam
898 2073 1020 2148 partem
1052 2071 1204 2148 excerpta
1227 2083 1298 2138 esse

202 2182 325 2238 constat
345 2194 464 2258 eosque
487 2172 551 2254 ita,
575 2180 611 2236 ut
631 2171 665 2236 hi
685 2171 759 2236 libri
780 2193 845 2236 nou
868 2172 948 2236 ulter
972 2172 1103 2238 alterum
1127 2170 1298 2258 excipiant,

204 2281 302 2348 ceteri
325 2292 357 2346 et
378 2283 440 2368 ipsi
462 2280 546 2345 iuter
564 2302 600 2345 se
624 2281 783 2346 oouiuuoti
806 2281 883 2364 sint,
914 2281 973 2376 scd
994 2281 1037 2345 ita
1058 2291 1093 2344 ut
1112 2301 1172 2367 per
1196 2289 1296 2344 totum

206 2392 275 2456 fere
299 2413 414 2476 corpus
436 2389 581 2475 singulos
605 2389 704 2456 libros
737 2390 913 2475 dequibus
942 2392 1066 2477 agimus
1094 2390 1215 2476 singuli
1237 2389 1299 2474 „qui

208 2509 361 2584 excerpta
382 2509 463 2582 suut,
484 2508 665 2584 sequantur.
707 2498 817 2584 Itaque
839 2501 893 2584 qui
914 2500 973 2565 hos
994 2521 1104 2565 omnes
1126 2499 1226 2564 libros
1249 2519 1298 2563 se

207 2609 309 2674 lectos
331 2628 403 2672 esse
424 2608 580 2693 negatis
600 2608 656 2672 uel
675 2607 831 2672 tredecim
852 2609 909 2674 uel
923 2607 1084 2678 ⁴maiorem
1108 2607 1202 2672 etiam
1230 2627 1298 2672 cor·

204 2739 322 2806 porum
343 2739 513 2782 numerum
534 2726 637 2781 sumat
656 2739 788 2784 neccsse
811 2727 859 2782 est
881 2755 918 2766 -
941 2718 1000 2782 sed
1021 2739 1062 2782 ne
1086 2726 1152 2782 tum
1170 2714 1299 2801 quidem

102 2813 105 2821 ¹
203 2849 267 2912 quo
292 2827 389 2892 niodo
411 2847 548 2912 corpora
571 2847 705 2910 quorum
726 2828 815 2915 prius
837 2829 987 2914 quodque
1009 2829 1171 2912 integrum
1192 2847 1297 2891 serua·

201 2945 285 3018 tum,
316 2937 453 3002 alterum
477 2936 627 3021 quodque
660 2939 867 3024 excerpendo
893 2946 996 3002 ortum
1019 2947 1122 3016 essct,
1159 2938 1193 3002 iu
1214 2937 1299 3002 huuc

205 3045 321 3110 mirum
342 3069 382 3110 ac
405 3045 604 3130 singularem
626 3045 773 3111 ordinem
790 3045 952 3128 uenerint,
973 3048 1066 3112 uobis
1081 3047 1299 3133 persuadebit

205 3155 384 3220 Accedunt.
396 3154 466 3220 alia.
487 3154 763 3222 Perturbatioucm
785 3157 870 3220 cuim
888 3157 1103 3242 epistularum,
1127 3178 1207 3242 quae
1224 3179 1299 3240 qua·

204 3263 244 3328 lis
263 3261 305 3328 sit
325 3285 420 3348 supra
442 3263 591 3347 uidimus,
611 3263 756 3329 inlibris
776 3263 987 3350 primigeniis,
1011 3273 1046 3339 ut
1060 3265 1123 3331 hoc
1142 3265 1301 3335 uocabulo

204 3380 293 3453 utar,
316 3395 383 3437 nou
406 3373 512 3438 solum
534 3395 599 3438 nou
619 3374 794 3456 minorem,
827 3375 886 3440 sed
910 3375 1004 3440 etiem
1025 3375 1179 3440 maiorem
1202 3375 1299 3440 fuisse

204 3481 296 3546 facile
318 3480 530 3568 perspicitur,
561 3482 679 3569 quippe
704 3506 775 3549 cum
806 3505 1024 3568 quaecumque
1047 3484 1201 3570 epistulae
1224 3506 1298 3569 qua·

205 3611 275 3654 rum
298 3589 396 3655 altera
418 3590 549 3656 alteram
572 3593 723 3680 excipere
746 3593 854 3658 debuit
868 3615 952 3658 nunc
969 3593 1139 3658 interiectis
1161 3593 1229 3657 aliis
1253 3592 1299 3657 di-

206 3698 361 3762 rimuntur
384 3697 513 3784 longius
545 3700 637 3765 etiam
662 3702 830 3772 seiunctae,
845 3701 981 3784 suerint,
1013 3702 1040 3766 si
1063 3703 1298 3768 interiectarum

205 3827 356 3872 numerus
391 3808 511 3896 etipse
532 3811 633 3874 maior
655 3811 776 3876 fuisset.
821 3811 917 3894 Quod
949 3813 976 3876 si
1005 3815 1048 3877 ita
1070 3821 1117 3878 est
1148 3811 1297 3896 epistulas

204 3915 275 3980 illas
298 3938 367 3982 cum
390 3917 528 4002 primum
551 3919 735 4005 diuulgatae
757 3930 845 4003 sunt,
879 3943 991 4006 parum
1020 3943 1113 3989 curce
1135 3921 1313 4007 studiique·

204 4027 346 4093 adhibito
370 4028 527 4094 conlectus
553 4051 623 4094 csse
643 4029 803 4111 uidemus,
825 4039 861 4094 ut
879 4051 1048 4096 numerum
1070 4031 1176 4117 potius
1197 4031 1297 4096 edito·

203 4159 254 4202 res
275 4121 368 4223 quam
390 4137 535 4202 ordinem
552 4138 675 4223 aliaque
696 4139 789 4204 huius
802 4139 889 4205 modi
912 4141 1133 4226 spectauerint.
1176 4139 1296 4226 ltaque,

204 4271 275 4313 cum
303 4246 572 4335 quamplurimas
602 4249 750 4333 epistulas
781 4272 799 4314 a
827 4255 954 4335 quoquc
984 4249 1151 4336 petierint,
1180 4271 1297 4335 nequa-
