3040 4810
721 374 761 438 13

191 569 263 624 tere
285 556 345 622 sed
369 557 432 622 iam
450 555 539 641 quasi
568 577 705 624 necesse
730 575 801 622 esse
828 555 907 620 mihi
927 554 1066 636 uidetur,
1089 561 1195 620 umen
1215 573 1289 639 grn-

193 667 284 732 uiora
306 665 401 730 etiam
426 673 584 751 tamquam
605 665 749 730 cumulus
769 663 934 732 accedunt.
978 663 1060 730 Cum
1085 662 1169 732 enim
1189 661 1289 735 libros

194 773 504 840 tertiumdecimum
533 783 566 841 et
587 774 730 861 quintum
752 773 910 838 decimum
942 791 1015 858 epp.
1047 770 1089 838 ad
1116 770 1290 837 famelius

197 882 342 969 eorporis
363 903 400 950 ao
421 881 737 950 librosl-Xllesse
759 882 952 948 uiderimus:
968 880 1106 968 primum
1118 879 1291 946 nonnullae

199 990 364 1059 Ciceronis
388 990 429 1056 ad
444 988 589 1056 Cassium
615 991 765 1078 (etCa'ssi
787 991 830 1057 ad
843 989 1046 1074 Ciceronem)
1067 987 1223 1074 epistulae
1246 987 1292 1053 di·

199 1096 348 1184 uulgalae
377 1108 484 1164 essent
513 1099 600 1186 (iam.
623 1098 697 1165 XII.
720 1099 854 1182 1-12),
888 1107 999 1184 postea
1029 1119 1139 1162 rursus
1171 1116 1293 1182 paucae

199 1207 355 1292 quaedam
379 1206 466 1292 (XV.
490 1206 637 1294 14-19),
662 1207 800 1293 denique
822 1207 1002 1294 complures
1025 1206 1231 1292 epistularum
1252 1203 1293 1268 ad

199 1313 346 1382 Cassium
368 1313 443 1382 libri
467 1353 506 1366 ·-
528 1315 691 1400 numquis
714 1326 762 1382 est
784 1316 836 1402 qui
856 1315 949 1382 etiam
973 1316 1035 1380 boc
1055 1315 1103 1380 illi
1126 1313 1220 1380 aetati
1240 1313 1294 1378 tri-

197 1425 298 1490 buere
323 1423 461 1490 audeat?
511 1425 662 1490 Attamen
689 1424 776 1490 idem
797 1421 943 1489 Caesaris
975 1422 1117 1508 epistulis
1140 1421 1294 1488 accidisse

200 1554 334 1600 necesse
357 1542 452 1614 esset,
472 1533 514 1598 ad
537 1551 632 1618 quem
653 1543 727 1598 sunt
748 1532 821 1600 VII.
841 1535 881 1616 5,
903 1532 993 1598 XIIl.
1018 1536 1057 1600 15
1079 1544 1111 1600 et
1132 1534 1181 1616 16,
1206 1533 1294 1598 (1εηί-

200 1663 262 1728 que
288 1650 353 1706 tres
382 1641 466 1708 libri.
520 1641 583 1708 Vel
614 1643 868 1729 contemplemur
895 1643 1012 1710 librum
1046 1644 1175 1710 tertium
1210 1643 1295 1710 deci·

199 1772 303 1816 mum:
326 1751 376 1818 cui
398 1751 527 1818 tandem
549 1761 581 1816 et
604 1751 638 1815 in
648 1761 788 1818 mentem
801 1751 891 1818 uenit
912 1761 944 1818 et
964 1750 1097 1838 contigit
1116 1753 1188 1838 plus
1211 1761 1295 1818 octo·

201 1859 289 1944 ginta
323 1863 474 1947 epistulas
509 1860 786 1926 commendaticias
818 1860 859 1927 ad
888 1861 962 1945 plns
993 1861 1123 1947 triginta
1150 1861 1295 1926 homines

198 1972 313 2034 missas
341 1969 375 2034 in
402 1991 501 2037 unum
522 1969 688 2055 conligere
715 1991 776 2038 nee
796 1991 876 2036 uero
898 1969 978 2036 ullas
1006 1969 1086 2035 alius
1116 1972 1297 2057 argumenti

201 2077 322 2146 litteras
344 2079 516 2164 recipere?
559 2077 646 2146 Num
670 2079 733 2145 tale
756 2080 923 2146 consilium
943 2081 1012 2148 fere
1031 2081 1184 2168 ineptum,
1209 2081 1297 2164 qucrl

201 2209 307 2273 neque
327 2211 466 2273 unquam
488 2190 571 2276 cepit
592 2190 748 2276 quispiam
769 2211 830 2256 nec
853 2191 972 2276 capiet,
995 2188 1159 2258 Ciceronis
1181 2191 1297 2276 epistuu

202 2299 305 2364 larum
328 2299 443 2364 editori
464 2299 603 2380 tribuas,
636 2319 730 2384 quem
758 2309 912 2386 quotquot
940 2301 1042 2386 potuit
1064 2301 1214 2387 epistulas
1235 2300 1296 2364 uiri

205 2406 406 2476 celeberrimi
428 2408 610 2494 conlegisse
634 2408 838 2474 uidebimus?
886 2409 1015 2495 Itaque,
1038 2431 1109 2476 oum
1131 2432 1217 2476 nunc
1236 2431 1297 2496 pro

206 2525 291 2584 eerto
312 2517 483 2584 adfirmare
503 2517 607 2600 liceat,
631 2517 659 2582 si
673 2518 862 2602 quibusdam
877 2519 1020 2604 epistulis
1042 2520 1220 2585 eorundem
1241 2541 1297 2584 uo·

205 2624 290 2690 mina
309 2625 459 2710 inscripta
478 2626 659 2692 inueuimus
670 2671 679 2710 ,
711 2627 752 2694 ad
779 2648 859 2711 quos
886 2627 976 2694 missi
1007 2629 1064 2694 toti
1091 2628 1298 2714 epistularum

204 2733 367 2798 librion
381 2733 535 2820 diuulgati
557 2741 640 2816 sunt,
660 2755 712 2800 eas
736 2755 778 2802 ex
792 2735 841 2802 his
863 2736 940 2821 ipsis
961 2736 1051 2803 libris
1064 2745 1203 2822 sumptae
1216 2757 1297 2817 esse,

202 2843 337 2929 adparet
358 2842 549 2928 quicumque
577 2845 653 2910 libri
675 2865 748 2931 epp.
769 2846 811 2912 ad
832 2845 906 2911 iam.
926 2846 1006 2911 tales
1029 2845 1178 2932 epistulas
1201 2845 1304 2911 conti--

202 2959 307 3033 neunt,
328 2951 390 3016 hos
412 2973 478 3018 non
500 2973 571 3018 esse
590 2953 662 3018 illos
684 2954 789 3040 primo
813 2954 925 3020 editos.
967 2955 1068 3020 immo
1091 2976 1164 3020 cum
1184 2954 1299 3019 mediis

205 3060 250 3126 eis
273 3060 351 3126 illae
374 3059 529 3144 epistulae
552 3061 691 3128 insertae
714 3062 795 3144 sint,
825 3062 882 3128 toti
902 3063 936 3126 in
955 3063 1041 3129 hune
1060 3063 1192 3128 modum
1216 3085 1299 3128 com·

203 3167 300 3253 positi
323 3176 413 3248 sunt,
442 3177 478 3232 nt
498 3191 516 3234 a
535 3169 672 3255 siugulis
692 3171 755 3236 illis
777 3171 868 3236 libris
895 3170 999 3258 primo
1029 3171 1122 3238 editis
1145 3171 1301 3257 quaedam

205 3285 409 3346 sumerentur
429 3286 524 3363 atque
552 3278 705 3344 inunum
737 3301 852 3366 eorpus
883 3281 1172 3366 coniungerentur:
1206 3289 1302 3346 sunt

208 3385 365 3471 igitur,
396 3395 431 3452 ut
450 3407 515 3451 uuo
536 3388 637 3453 uerbo
659 3389 777 3471 dicam,
808 3389 973 3474 quidam
1007 3389 1107 3454 libri
1137 3411 1224 3477 epp.
1251 3389 1302 3455 atl

207 3496 296 3560 iam.
321 3505 537 3582 excerpta.
578 3497 675 3564 Nune
694 3498 913 3584 intellegimus
934 3500 1022 3564 uude
1043 3500 1160 3565 facbrm
1183 3499 1240 3580 sit,
1268 3506 1303 3562 ut

209 3606 394 3690 saepissime
420 3608 588 3693 perpaucis
619 3607 761 3692 epistulis
792 3629 903 3676 eorum
931 3610 1059 3674 nomina
1080 3609 1233 3694 inscripta
1255 3609 1301 3671 in-

207 3713 383 3797 ueniantur,
398 3713 586 3799 quibuscum
599 3714 749 3788 Ciceroni
760 3738 909 3803 magnam
927 3717 1135 3804 epistularum
1154 3699 1301 3803 frequen·

207 3823 283 3888 tiam
304 3823 401 3890 fnisse
424 3824 560 3904 acimus;
591 3846 676 3890 nuno
697 3824 778 3890 illud
799 3847 936 3910 qnoque,
959 3826 1121 3911 quomodo
1141 3825 1302 3909 acciderit,
1411 3857 1414 3864 ·

204 3939 240 3996 ut
263 3931 371 3998 tertius
395 3931 538 4000 decimus
558 3932 641 3998 liber
662 3932 766 3998 nullas
779 3933 930 4020 epistulas
945 3935 1006 4000 uisi
1028 3935 1302 4002 commendaticias

208 4041 378 4108 contiueat.

290 4152 357 4218 Iem
381 4152 542 4237 quaeritur
563 4151 596 4216 in
619 4173 771 4237 quosnam
793 4151 891 4220 libros
916 4152 1179 4240 haecdisputatio
1201 4155 1302 4238 cadat,

208 4264 336 4347 quinam
357 4263 422 4326 sint
439 4283 574 4345 quorum
596 4261 726 4328 nomina
751 4271 784 4326 et
808 4262 942 4348 integris
962 4262 1053 4330 libris
1076 4267 1302 4352 (grammaticis
