3040 4810
763 406 805 471 34

235 590 328 660 sisset
350 610 387 654 ea
408 585 610 674 diuulgaret,
642 609 735 673 quam
758 589 798 652 ob
821 609 962 652 caussam
984 585 1040 652 ille
1070 587 1123 672 (ad
1145 588 1211 653 Att.
1237 587 1328 654 XIII.

236 699 286 764 21.
308 700 371 785 4.):
393 695 469 781 ,Dic
489 697 580 761 mihi‘
608 697 709 783 inquit
740 696 899 783 ,placetne
919 695 976 763 tibi
999 699 1137 782 primum
1160 697 1259 763 cdere
1284 699 1332 764 in-

235 809 321 874 iussu
344 810 440 877 meo?
483 808 556 874 Hoc
574 830 615 873 ne
636 807 859 876 Hermodorus
881 805 1010 891 quidem
1040 806 1244 889 faciebatis,
1279 809 1334 894 qui
1382 841 1385 850 ·

236 918 376 985 Platonis
406 918 505 985 libros
535 917 645 983 solitus
668 925 716 982 est
738 916 909 1002 diuulgarc
933 937 960 980 e.
983 938 1013 1001 q.
1035 920 1073 980 s.‘
1123 913 1234 1001 ltaque
1257 941 1328 983 cum

235 1027 413 1109 uideamus,
435 1027 575 1092 Atticum
596 1027 671 1090 uiuo
694 1023 852 1091 Cicerone
879 1023 996 1109 scripta
1026 1025 1094 1088 eius
1118 1023 1259 1090 edidisse
1282 1027 1332 1092 id·

236 1159 298 1222 que
318 1146 381 1202 tam
402 1136 554 1218 studiose,
575 1135 614 1200 ut
629 1157 670 1200 ne
693 1142 862 1220 quaereret
884 1133 1024 1219 quidem,
1044 1156 1121 1198 num
1142 1133 1197 1198 ille
1220 1157 1333 1202 conce-

239 1244 330 1309 deret
368 1242 455 1332 (cum
491 1243 561 1307 sine
590 1243 687 1310 dubio
718 1244 816 1308 multa
846 1243 1043 1332 exemplaria
1082 1267 1183 1333 eaque
1215 1269 1334 1332 magno

235 1353 340 1439 pretio
361 1354 533 1440 uenirent),
555 1353 653 1419 Attici
675 1353 822 1444 librarios
845 1375 882 1418 ea
900 1353 1110 1442 descripsisse
1122 1355 1165 1446 ⁸⁴)
1193 1357 1336 1442 (praeter

237 1470 360 1528 ceteros
383 1459 574 1546 Pharnaces,
591 1463 746 1545 Antaeus,
764 1459 890 1530 Saluius
902 1459 1067 1528 Cleeronis
1090 1464 1242 1550 operibus
1258 1486 1333 1552 ope·

235 1592 303 1634 ram
325 1591 458 1636 nauasse
479 1570 631 1636 uidentur
641 1569 700 1656 ⁶⁵):
731 1593 773 1635 ex
797 1569 941 1636 eiusdem
963 1571 1095 1638 Attici
1121 1571 1190 1659 (qui
1213 1572 1333 1638 nullam

236 1679 465 1744 lucrifaciendi
479 1681 680 1745 occasionem
693 1703 749 1746 sua
763 1687 878 1766 sponte
889 1681 1145 1766 praetermittere
1159 1682 1333 1766 solebatii)

237 1789 365 1855 officina
389 1812 454 1854 non
476 1792 580 1855 solum
593 1790 743 1878 epistulas
765 1790 806 1854 ad
828 1789 913 1856 hunc
932 1790 1038 1878 ipsum
1053 1789 1175 1876 missas,
1199 1792 1258 1856 sed
1282 1813 1334 1856 ce·

235 1907 319 1963 teras
342 1919 469 1985 quoque
489 1898 544 1962 uel
572 1920 681 1963 omncs
704 1899 759 1964 uel
784 1898 883 1983 louge
905 1898 1075 1963 maximam
1107 1907 1230 1986 partem
1260 1921 1335 1986 pro-

238 2004 324 2070 disse
346 2026 472 2070 snmere
496 2006 660 2072 debemus.
707 2003 822 2087 Quid?
843 2027 950 2070 nonne
972 2028 1014 2071 ex
1035 2007 1135 2094 ipsius
1145 2005 1232 2072 Tulli
1254 2029 1336 2093 quse

237 2137 335 2202 supra
353 2115 514 2181 attulimus
535 2117 645 2183 uerbis
675 2116 730 2204 (ad
751 2118 817 2182 Aa.
837 2115 927 2182 XVI.
947 2119 976 2183 5.
1003 2118 1038 2203 4)
1072 2139 1151 2203 opus
1184 2127 1232 2182 est
1262 2141 1337 2184 con·

238 2225 412 2309 cludamus,
436 2227 578 2292 Atticum
599 2225 787 2317 aOiceronc
809 2235 844 2292 ut
864 2226 1019 2313 epistulae
1041 2227 1215 2292 ederentur
1236 2249 1332 2312 quae-

243 2334 383 2400 siuisse?
427 2333 524 2416 Quod
547 2359 619 2401 cum
641 2334 756 2402 Cicero
777 2356 842 2400 nou
863 2334 1087 2417 recusauisset,
1111 2334 1267 2400 uoluisset
1290 2344 1337 2400 ta·

238 2468 313 2511 men
333 2455 500 2530 antequam
524 2439 768 2532 diuulgarentur
790 2467 842 2510 eas
853 2445 1038 2532 perspicere
1051 2453 1144 2531 atque
1163 2445 1335 2530 conrigere

240 2554 286 2639 (id
300 2555 397 2648 ‘quod
421 2577 493 2620 eum
520 2555 680 2643 perficere
710 2578 775 2621 non
803 2555 945 2641 potuisse
969 2577 1066 2642 supra
1087 2553 1334 2638 intelleximus),

238 2665 301 2728 hau
333 2663 429 2730 dubie
455 2673 579 2729 mortuo
611 2664 711 2728 amico
733 2663 857 2728 Atticus
879 2663 964 2750 quod
988 2664 1063 2728 uiuo
1087 2663 1202 2728 eodem
1224 2661 1336 2727 uoluc-

240 2782 289 2840 rat
310 2773 454 2861 perfecit.
477 2771 591 2859 Neque
613 2782 680 2838 erat
700 2773 855 2858 profecto,
879 2773 932 2858 qui
954 2772 994 2836 ad
1007 2770 1214 2857 conligendas
1235 2771 1337 2836 eden-

242 2884 364 2969 dasque
398 2880 564 2949 Ciceronis
597 2881 746 2970 epistulas
778 2882 880 2967 aptior
910 2881 1021 2946 fuisset
1039 2879 1219 2968 Pomponio
1253 2879 1336 2967 ipso,

241 3015 312 3057 curn
328 3014 422 3057 nemo
442 2991 558 3058 eodem
585 3015 647 3078 quo
671 2991 727 3056 ille
748 2992 846 3057 modo
877 3013 947 3057 cum
981 2990 1126 3057 omnibus
1157 2991 1226 3056 fere
1249 2989 1336 3054 illius

239 3101 348 3166 aetatis
370 3101 447 3166 uiris
470 3101 650 3167 clarissimis
680 3100 942 3165 consuetudinem
962 3100 1096 3165 haberet
1119 3120 1253 3183 cumque
1279 3119 1337 3162 ne-

240 3209 316 3273 mini
338 3208 448 3296 plures
476 3210 672 3288 diuersarum
695 3210 830 3295 partium
854 3217 1023 3274 sectatores
1052 3207 1209 3272 deberent
1222 3206 1278 3296 ⁶⁷),
1301 3218 1338 3272 ut

244 3403 444 3412 ——mo

308 3540 354 3609 64)
372 3539 414 3592 De
432 3537 542 3592 ratione
560 3553 629 3606 quse
649 3536 723 3591 inter
741 3534 867 3588 Atticum
884 3534 973 3604 ipsum
992 3535 1021 3586 et
1033 3532 1162 3588 librarios
1172 3533 1232 3588 eius
1249 3533 1336 3587 inter-

242 3635 367 3702 cesserit,
386 3632 420 3689 cf.
440 3633 476 3688 ad
494 3632 554 3687 Att.
573 3631 635 3686 XII.
653 3633 696 3686 40.
718 3632 747 3685 1:
768 3629 872 3698 ,Itaque
893 3629 955 3682 misi
972 3627 1076 3681 librum
1092 3627 1128 3682 ed
1148 3627 1280 3694 Muscam,
1302 3633 1335 3682 ut

240 3733 297 3786 tuis
323 3729 446 3785 librariis
465 3730 553 3783 daret.
591 3727 662 3780 Volo
680 3725 768 3791 enim,
797 3742 860 3778 eum
878 3723 1031 3793 diuulgcri‚
1056 3722 1131 3792 quod
1149 3739 1204 3791 quo
1224 3722 1334 3777 lacilius

240 3827 298 3894 fiat,
316 3827 465 3898 imperabis
483 3825 559 3892 tuis‘,
581 3828 609 3878 ct
626 3821 699 3876 XIII.
718 3824 762 3876 21.
784 3823 813 3876 5:
842 3819 955 3889 ,Scripsi
980 3819 1053 3873 enim
1078 3818 1114 3872 ed
1133 3818 1280 3885 librarios,
1307 3823 1341 3872 ut

241 3924 320 3978 fieret
337 3924 403 3992 tuis,
421 3923 493 3976 situ
509 3921 594 3975 uelles
614 3917 792 3974 describendi
808 3920 953 3986 potcstas‘.

312 4024 356 4090 65)
377 4021 440 4076 Vid.
459 4020 552 4074 adnot.
570 4021 693 4072 nostram
711 4015 755 4070 62.

313 4120 355 4188 66)
375 4117 413 4172 Cf.
434 4117 576 4175 Drumann
595 4117 613 4170 l.
634 4131 731 4170 comm.
750 4113 782 4167 V.
801 4129 847 4182 pg.
860 4112 976 4167 63-68.

313 4216 356 4284 67)
378 4213 459 4281 Quod
481 4214 539 4268 fere
562 4213 652 4266 solum
675 4210 767 4281 Nepos
792 4226 843 4279 per
873 4213 961 4261 totam
987 4207 1073 4260 uitam
1097 4205 1187 4260 Attici
1213 4204 1335 4273 probare

241 4311 344 4367 studet.
