3040 4810
790 351 832 418 ao
896 371 901 380 .

263 533 441 599 seiunctum
466 541 548 615 erat,
581 532 678 618 idque
700 533 763 615 ita,
798 543 834 598 ut
861 534 1025 619 utriusque
1046 533 1178 619 generis
1201 534 1358 620 epistulae

262 663 354 707 suum
375 644 530 707 uolumen
552 642 622 725 (uel
642 663 698 707 sua
719 641 894 728 uolumina)
919 643 1086 709 efficerent
1109 643 1156 730 (id
1182 643 1269 729 quod
1293 664 1358 709 sae-

261 751 332 839 pius
356 773 393 817 re
418 773 496 817 uera
517 751 632 816 factum
654 773 725 817 esse
747 752 908 841 uidemus)
922 753 963 838 ³⁴)
974 801 984 837 ,
1009 752 1100 827 facile
1124 753 1272 819 accidere
1300 775 1356 839 po-

259 859 329 942 tuit,
351 860 459 944 utqui
482 881 533 926 eas
557 852 719 947 excerpsit
741 861 1044 947 alterumquemque
1057 861 1174 926 librum
1188 871 1262 948 post
1281 861 1356 927 alte·

259 989 330 1034 rum
352 969 503 1054 eligendo
525 991 717 1055 percurrens
741 967 905 1036 Ciceronis
929 971 1077 1056 epistulas
1106 970 1181 1035 huic
1201 969 1285 1035 libro
1309 968 1356 1034 in·

259 1085 401 1157 sereret,
437 1077 535 1142 cuiuis
560 1077 651 1142 alteri
675 1077 788 1162 quibus
818 1078 873 1144 illc
895 1076 1044 1144 Ciceroni
1067 1078 1287 1164 responderat
1313 1119 1353 1132 -

258 1182 353 1251 Nunc
372 1203 452 1250 uero
477 1185 517 1250 de
542 1206 762 1272 corporum
786 1206 867 1270 quae
889 1184 937 1250 his
961 1185 1050 1252 libris
1074 1181 1253 1252 efficiuntur
1275 1208 1352 1250 nu—

258 1315 374 1360 mero
399 1293 634 1378 finibusque
657 1314 812 1378 quaerere
832 1293 916 1358 licet.

342 1401 415 1483 Quo
437 1402 509 1467 loco
532 1423 629 1487 supra
657 1401 739 1466 hanc
760 1421 829 1466 rem
849 1409 980 1466 traotme
1003 1423 1211 1488 coeperamus
1235 1403 1351 1488 epistu-

256 1503 421 1576 larum'ad
443 1512 516 1576 fam.
539 1511 639 1596 qualis
663 1519 711 1576 cst
732 1512 812 1576 ordo
844 1532 882 1576 eo
904 1531 962 1575 nos
987 1511 1094 1593 duxit,
1125 1521 1158 1575 ut
1188 1513 1353 1578 minimum

256 1628 319 1692 duo
349 1647 484 1713 corpora
507 1647 577 1690 esse
599 1634 829 1707 statueremus,
865 1647 938 1691 cum
958 1625 1057 1692 libros
1080 1623 1182 1690 I-X.
1205 1626 1351 1693 eiusdem

151 1721 155 1732 ⁸
252 1737 408 1818 συλλογῆς
427 1745 550 1821 partem
577 1757 614 1800 ao
636 1735 655 1798 Ι.
678 1733 773 1800 ΧΙΠ.
797 1756 862 1799 non
882 1735 985 1819 magis
1008 1757 1078 1799 esse
1101 1755 1198 1821 posse
1221 1735 1348 1802 intelle·

251 1844 420 1926 xissemus,
444 1833 536 1929 quam
558 1843 612 1910 lib.
623 1843 760 1910 Ι-ΧΠ,
787 1842 931 1908 eiusdem
956 1867 993 1909 ac
1016 1842 1037 1908 1.
1048 1843 1121 1908 XV.
1165 1842 1231 1909 Iam
1255 1865 1349 1929 quae·

251 1955 341 2036 ritur,
368 1961 482 2038 quanto
493 1973 666 2041 corporum
688 1975 821 2020 numero
844 1951 986 2018 sedecim
1007 1953 1106 2019 libros
1126 1952 1269 2019 tribuere
1294 1975 1350 2018 ue·

249 2063 354 2128 limus.
386 2060 469 2127 Nam
491 2061 517 2126 si
539 2061 602 2126 duo
617 2070 737 2126 tantum
758 2083 829 2126 esse
844 2060 1006 2145 sumimus,
1029 2062 1130 2127 libros
1142 2061 1202 2129 XI.
1226 2071 1258 2128 et
1270 2062 1347 2130 XII.

250 2172 291 2237 ad
313 2171 402 2256 prius
424 2170 596 2236 trahendos
622 2191 693 2236 esse
715 2170 855 2256 adparet,
882 2179 917 2234 ut

415 2280 504 2367 prius
539 2299 654 2365 corpus
686 2277 845 2344 contineat
864 2277 964 2342 libros
986 2276 1125 2360 I-XII,
1300 2342 1306 2347 .

415 2388 549 2454 alterum
592 2435 609 2472 „
759 2435 775 2470 „
903 2435 919 2470 „
988 2385 1207 2454 XIH-XVI.

249 2496 308 2566 Sin
330 2506 433 2561 autem
452 2497 548 2562 trium
571 2517 740 2583 corporum
755 2517 925 2560 numerum
947 2496 1016 2579 quis
1037 2497 1187 2584 praefert,
1213 2495 1242 2560 ei
1263 2505 1350 2562 certe

247 2606 346 2673 libros
354 2605 414 2672 XI.
429 2615 460 2670 et
470 2605 547 2672 XII.
569 2605 625 2670 uel
646 2626 719 2670 cum
742 2606 811 2669 solo
833 2606 926 2670 tertio
952 2605 1076 2670 decimo
1098 2604 1181 2671 libro
1205 2605 1259 2670 uel
1277 2627 1349 2670 cum

246 2715 339 2780 tertio
363 2713 486 2779 decimo
510 2722 541 2777 et
557 2722 668 2799 quarto
692 2714 818 2779 decimo
849 2715 883 2778 in
912 2735 1010 2779 unum
1039 2717 1237 2800 coniungere
1259 2715 1346 2781 lieet.

247 2825 398 2890 Attamen
419 2833 492 2888 sunt
512 2823 674 2910 profecto,
709 2843 790 2907 quae
824 2821 996 2888 duodecim
1030 2825 1151 2910 primos
1178 2822 1278 2889 libros
1311 2822 1346 2889 in

248 2933 411 3020 complura
432 2954 565 3020 corpora
589 2929 740 2997 dissecari
762 2940 880 2996 uctent.
925 2930 1007 2997 Cum
1038 2931 1123 2997 enim
1152 2933 1259 2997 nullus
1293 2954 1346 2998 eo-

243 3065 316 3108 rum
339 3044 489 3128 epistulas
514 3042 691 3109 contineret
710 3041 750 3107 ad
772 3041 903 3107 eosdem
916 3041 1038 3124 missas,
1062 3063 1197 3126 quorum
1216 3045 1346 3108 nomina

243 3152 357 3217 litteris
379 3153 433 3218 uni
457 3151 617 3238 ercliquis
638 3152 787 3217 undecim
808 3151 898 3217 libris
913 3152 1039 3218 insertis
1054 3164 1160 3219 essent
1179 3153 1341 3240 inscripta,

242 3261 330 3327 unde
353 3263 415 3328 hoo
440 3263 555 3329 factum
581 3271 666 3327 esset
696 3261 947 3344 admiraremur,
976 3262 1003 3328 si
1034 3262 1067 3328 in
1092 3261 1221 3345 solis³⁶)
1252 3263 1344 3330 libris

243 3369 339 3438 ΧΠΙ.
363 3379 394 3435 et
413 3370 487 3436 XV.
509 3392 575 3436 nou
595 3371 698 3436 minus
720 3379 789 3435 octo
819 3369 963 3436 eiusdem
994 3371 1042 3436 rei
1073 3373 1221 3456 exempla
1251 3371 1342 3436 inue-

242 3479 396 3544 nirentur.
440 3477 508 3548 Sed
531 3479 607 3565 quid
628 3480 669 3544 de
689 3477 780 3544 libris
795 3477 1016 3546 XIII-XVI.
1038 3479 1234 3544 statuamus?
1256 3477 1344 3545 Num

239 3643 439 3654 *na—..-

310 3765 354 3836 34)
372 3765 467 3820 Etiam
477 3783 550 3820 nunc
561 3765 693 3820 habemus
704 3764 807 3820 librum
819 3766 976 3838 (octauum),
996 3767 1074 3824 euius
1092 3787 1188 3826 omnes
1206 3770 1340 3842 epistulas

240 3860 347 3917 Caelius
367 3863 403 3917 ad
425 3863 586 3918 Ciceronem
605 3863 724 3933 scripsit.
752 3862 824 3918 Item
842 3864 997 3934 complures
1015 3866 1101 3922 libros
1120 3867 1303 3938 epistularum
1321 3885 1339 3923 a

240 3957 356 4014 Caesare
369 3959 405 4013 ad
416 3960 533 4014 cundem
543 3959 709 4031 scriptarum
724 3965 922 4016 commemorat
932 3961 1071 4017 Charisius
1081 3961 1101 4016 Ι.
1112 3981 1139 4034 p.
1153 3967 1203 4021 126
1224 3984 1251 4020 u.
1259 3968 1289 4020 11
1301 3963 1336 4019 Κ.

310 4055 353 4125 35)
371 4055 446 4110 Nihil
464 4057 538 4111 enim
557 4055 680 4111 adhunc
699 4075 758 4112 rem
776 4057 877 4112 tertius
896 4057 1018 4114 decimus
1036 4058 1108 4116 liber
1117 4065 1146 4115 et
1157 4066 1271 4132 quartus
1289 4059 1337 4116 de·

236 4150 337 4220 rimus,
358 4152 461 4222 quippe
480 4153 528 4222 qui
547 4169 627 4208 suum
645 4153 761 4223 quisque
781 4153 878 4210 orbem
895 4171 948 4224 per
968 4173 998 4212 se
1020 4156 1178 4213 absolutum
1202 4155 1337 4228 habeant,

236 4249 310 4318 quod
329 4249 370 4304 ita
390 4265 450 4307 esse
469 4251 564 4305 stetim
582 4250 746 4307 uidebimus.
926 4250 928 4255 ’
