<?xml version="1.0" encoding="UTF-8"?>
<!DOCTYPE html PUBLIC "-//W3C//DTD XHTML 1.0 Transitional//EN"
    "http://www.w3.org/TR/xhtml1/DTD/xhtml1-transitional.dtd">
<html xmlns="http://www.w3.org/1999/xhtml" xml:lang="en" lang="en">
 <head>
  <title>
</title>
<meta http-equiv="Content-Type" content="text/html;charset=utf-8" />
  <meta name='ocr-system' content='tesseract 3.04.00' />
  <meta name='ocr-capabilities' content='ocr_page ocr_carea ocr_par ocr_line ocrx_word'/>
</head>
<body>
  <div class='ocr_page' id='page_1' title='image "./historiacritica00nakegoog_0033.png"; bbox 0 0 3040 4810; ppageno 0'>
   <div class='ocr_carea' id='block_1_1' title="bbox 688 311 840 376">
    <p class='ocr_par' dir='ltr' id='par_1_1' title="bbox 688 311 840 376">
     <span class='ocr_line' id='line_1_1' title="bbox 688 311 840 376; baseline -0.013 -42"><span class='ocrx_word' id='word_1_1' title='bbox 688 327 690 334; x_wconf 86' lang='lat'><em>.</em></span> <span class='ocrx_word' id='word_1_2' title='bbox 780 311 840 376; x_wconf 80' lang='lat'>„.</span> 
     </span>
    </p>
   </div>
   <div class='ocr_carea' id='block_1_2' title="bbox 252 489 1355 1776">
    <p class='ocr_par' dir='ltr' id='par_1_2' title="bbox 252 489 1352 1448">
     <span class='ocr_line' id='line_1_2' title="bbox 342 489 1350 579; baseline -0.002 -21"><span class='ocrx_word' id='word_1_3' title='bbox 342 493 376 576; x_wconf 83' lang='lat'>3)</span> <span class='ocrx_word' id='word_1_4' title='bbox 399 491 523 558; x_wconf 86' lang='lat' dir='ltr'>Nonius</span> <span class='ocrx_word' id='word_1_5' title='bbox 546 493 676 579; x_wconf 80' lang='lat' dir='ltr'>pg.278</span> <span class='ocrx_word' id='word_1_6' title='bbox 698 515 730 558; x_wconf 91' lang='lat' dir='ltr'>u.</span> <span class='ocrx_word' id='word_1_7' title='bbox 744 495 779 559; x_wconf 82' lang='lat'>5:</span> <span class='ocrx_word' id='word_1_8' title='bbox 802 492 855 576; x_wconf 87' lang='lat' dir='ltr'>,M.</span> <span class='ocrx_word' id='word_1_9' title='bbox 875 489 1064 558; x_wconf 78' lang='lat' dir='ltr'>Tullius-ad</span> <span class='ocrx_word' id='word_1_10' title='bbox 1081 492 1226 558; x_wconf 84' lang='lat' dir='ltr'>Cassium</span> <span class='ocrx_word' id='word_1_11' title='bbox 1247 492 1302 559; x_wconf 86' lang='lat' dir='ltr'>lib.</span> <span class='ocrx_word' id='word_1_12' title='bbox 1316 493 1350 560; x_wconf 90' lang='lat' dir='ltr'>I:</span> 
     </span>
     <span class='ocr_line' id='line_1_3' title="bbox 257 601 1350 686; baseline 0 -18"><span class='ocrx_word' id='word_1_13' title='bbox 257 605 318 668; x_wconf 87' lang='lat' dir='ltr'>iam</span> <span class='ocrx_word' id='word_1_14' title='bbox 340 601 505 667; x_wconf 84' lang='lat' dir='ltr'>biennium</span> <span class='ocrx_word' id='word_1_15' title='bbox 531 611 609 686; x_wconf 85' lang='lat' dir='ltr'>est,¹</span> <span class='ocrx_word' id='word_1_16' title='bbox 630 623 699 668; x_wconf 88' lang='lat' dir='ltr'>cum</span> <span class='ocrx_word' id='word_1_17' title='bbox 723 601 832 668; x_wconf 87' lang='lat' dir='ltr'>uirtuti</span> <span class='ocrx_word' id='word_1_18' title='bbox 851 603 994 668; x_wconf 86' lang='lat' dir='ltr'>nuntium</span> <span class='ocrx_word' id='word_1_19' title='bbox 1024 602 1173 668; x_wconf 82' lang='lat' dir='ltr'>remisisti</span> <span class='ocrx_word' id='word_1_20' title='bbox 1194 602 1350 668; x_wconf 87' lang='lat' dir='ltr'>delenitus</span> 
     </span>
     <span class='ocr_line' id='line_1_4' title="bbox 252 709 1350 796; baseline 0.003 -23"><span class='ocrx_word' id='word_1_21' title='bbox 252 709 431 776; x_wconf 69' lang='lat' dir='ltr'>&#39;inlecebris&#39;</span> <span class='ocrx_word' id='word_1_22' title='bbox 442 709 636 795; x_wconf 85' lang='lat' dir='ltr'>uoluptatis‘,</span> <span class='ocrx_word' id='word_1_23' title='bbox 662 731 741 796; x_wconf 90' lang='lat' dir='ltr'>quae</span> <span class='ocrx_word' id='word_1_24' title='bbox 758 711 871 776; x_wconf 89' lang='lat' dir='ltr'>eadem</span> <span class='ocrx_word' id='word_1_25' title='bbox 886 713 986 776; x_wconf 88' lang='lat' dir='ltr'>uerba</span> <span class='ocrx_word' id='word_1_26' title='bbox 998 711 1177 796; x_wconf 87' lang='lat' dir='ltr'>reperimus</span> <span class='ocrx_word' id='word_1_27' title='bbox 1193 711 1266 776; x_wconf 81' lang='lat' dir='ltr'>fam.</span> <span class='ocrx_word' id='word_1_28' title='bbox 1276 711 1350 776; x_wconf 91' lang='lat' dir='ltr'>XV.</span> 
     </span>
     <span class='ocr_line' id='line_1_5' title="bbox 258 817 1349 911; baseline 0 -27"><span class='ocrx_word' id='word_1_29' title='bbox 258 819 311 887; x_wconf 66' lang='lat'>16„</span> <span class='ocrx_word' id='word_1_30' title='bbox 332 819 348 884; x_wconf 87' lang='lat'>1</span> <span class='ocrx_word' id='word_1_31' title='bbox 375 817 448 907; x_wconf 88' lang='lat' dir='ltr'>(nisi</span> <span class='ocrx_word' id='word_1_32' title='bbox 471 820 557 904; x_wconf 89' lang='lat' dir='ltr'>quod</span> <span class='ocrx_word' id='word_1_33' title='bbox 580 820 803 911; x_wconf 79' lang='lat' dir='ltr'>biescriptum</span> <span class='ocrx_word' id='word_1_34' title='bbox 826 829 893 884; x_wconf 87' lang='lat' dir='ltr'>est:</span> <span class='ocrx_word' id='word_1_35' title='bbox 917 819 1080 886; x_wconf 78' lang='lat' dir='ltr'>biennium</span> <span class='ocrx_word' id='word_1_36' title='bbox 1102 829 1155 884; x_wconf 87' lang='lat' dir='ltr'>aut</span> <span class='ocrx_word' id='word_1_37' title='bbox 1175 819 1349 884; x_wconf 81' lang='lat' dir='ltr'>triennium</span> 
     </span>
     <span class='ocr_line' id='line_1_6' title="bbox 258 926 1350 1015; baseline -0.001 -22"><span class='ocrx_word' id='word_1_38' title='bbox 258 927 331 1015; x_wconf 83' lang='lat' dir='ltr'>est).</span> <span class='ocrx_word' id='word_1_39' title='bbox 376 926 481 1008; x_wconf 86' lang='lat' dir='ltr'>Quem</span> <span class='ocrx_word' id='word_1_40' title='bbox 503 929 601 1014; x_wconf 79' lang='lat' dir='ltr'>igitur</span> <span class='ocrx_word' id='word_1_41' title='bbox 617 929 765 996; x_wconf 47' lang='lat' dir='ltr'>*hocloco</span> <span class='ocrx_word' id='word_1_42' title='bbox 779 927 902 1004; x_wconf 85' lang='lat' dir='ltr'>Nonius</span> <span class='ocrx_word' id='word_1_43' title='bbox 925 939 1050 994; x_wconf 88' lang='lat' dir='ltr'>secutus</span> <span class='ocrx_word' id='word_1_44' title='bbox 1074 938 1130 1010; x_wconf 87' lang='lat' dir='ltr'>est,</span> <span class='ocrx_word' id='word_1_45' title='bbox 1156 930 1186 1004; x_wconf 86' lang='lat' dir='ltr'>ei</span> <span class='ocrx_word' id='word_1_46' title='bbox 1208 928 1350 1015; x_wconf 89' lang='lat' dir='ltr'>complu·</span> 
     </span>
     <span class='ocr_line' id='line_1_7' title="bbox 256 1035 1351 1124; baseline 0.002 -24"><span class='ocrx_word' id='word_1_47' title='bbox 256 1057 309 1100; x_wconf 90' lang='lat' dir='ltr'>res</span> <span class='ocrx_word' id='word_1_48' title='bbox 331 1036 436 1102; x_wconf 88' lang='lat' dir='ltr'>adhuc</span> <span class='ocrx_word' id='word_1_49' title='bbox 456 1037 528 1104; x_wconf 84' lang='lat' dir='ltr'>libri</span> <span class='ocrx_word' id='word_1_50' title='bbox 552 1037 758 1124; x_wconf 76' lang='lat' dir='ltr'>epistularum</span> <span class='ocrx_word' id='word_1_51' title='bbox 782 1035 947 1104; x_wconf 82' lang='lat' dir='ltr'>Ciceronis</span> <span class='ocrx_word' id='word_1_52' title='bbox 970 1037 1011 1102; x_wconf 86' lang='lat' dir='ltr'>ad</span> <span class='ocrx_word' id='word_1_53' title='bbox 1034 1037 1179 1103; x_wconf 85' lang='lat' dir='ltr'>Cassium</span> <span class='ocrx_word' id='word_1_54' title='bbox 1212 1037 1252 1102; x_wconf 88' lang='lat' dir='ltr'>ad</span> <span class='ocrx_word' id='word_1_55' title='bbox 1283 1059 1351 1102; x_wconf 87' lang='lat' dir='ltr'>rna-</span> 
     </span>
     <span class='ocr_line' id='line_1_8' title="bbox 257 1143 1351 1236; baseline 0 -28"><span class='ocrx_word' id='word_1_56' title='bbox 257 1167 333 1209; x_wconf 90' lang='lat' dir='ltr'>num</span> <span class='ocrx_word' id='word_1_57' title='bbox 358 1155 455 1229; x_wconf 85' lang='lat' dir='ltr'>erant,</span> <span class='ocrx_word' id='word_1_58' title='bbox 479 1157 514 1211; x_wconf 86' lang='lat' dir='ltr'>ut</span> <span class='ocrx_word' id='word_1_59' title='bbox 529 1156 723 1234; x_wconf 84' lang='lat' dir='ltr'>excerptum</span> <span class='ocrx_word' id='word_1_60' title='bbox 746 1149 907 1236; x_wconf 79' lang='lat' dir='ltr'>(quartum</span> <span class='ocrx_word' id='word_1_61' title='bbox 921 1145 983 1233; x_wconf 85' lang='lat' dir='ltr'>est)</span> <span class='ocrx_word' id='word_1_62' title='bbox 1000 1146 1055 1210; x_wconf 92' lang='lat' dir='ltr'>uel</span> <span class='ocrx_word' id='word_1_63' title='bbox 1079 1146 1220 1211; x_wconf 91' lang='lat' dir='ltr'>noudum</span> <span class='ocrx_word' id='word_1_64' title='bbox 1242 1143 1351 1230; x_wconf 88' lang='lat' dir='ltr'>cogni·</span> 
     </span>
     <span class='ocr_line' id='line_1_9' title="bbox 258 1253 1352 1322; baseline 0.003 -5"><span class='ocrx_word' id='word_1_65' title='bbox 258 1261 324 1318; x_wconf 89' lang='lat' dir='ltr'>tum</span> <span class='ocrx_word' id='word_1_66' title='bbox 357 1253 491 1320; x_wconf 88' lang='lat' dir='ltr'>baberet</span> <span class='ocrx_word' id='word_1_67' title='bbox 521 1255 577 1319; x_wconf 90' lang='lat' dir='ltr'>uel</span> <span class='ocrx_word' id='word_1_68' title='bbox 608 1276 646 1320; x_wconf 91' lang='lat' dir='ltr'>co</span> <span class='ocrx_word' id='word_1_69' title='bbox 674 1254 708 1319; x_wconf 92' lang='lat' dir='ltr'>in</span> <span class='ocrx_word' id='word_1_70' title='bbox 738 1254 1020 1320; x_wconf 79' lang='lat' dir='ltr'>commemorandis</span> <span class='ocrx_word' id='word_1_71' title='bbox 1051 1254 1129 1322; x_wconf 86' lang='lat' dir='ltr'>locis</span> <span class='ocrx_word' id='word_1_72' title='bbox 1161 1253 1207 1318; x_wconf 90' lang='lat' dir='ltr'>uti</span> <span class='ocrx_word' id='word_1_73' title='bbox 1238 1253 1352 1320; x_wconf 88' lang='lat' dir='ltr'>saltem</span> 
     </span>
     <span class='ocr_line' id='line_1_10' title="bbox 257 1361 1306 1448; baseline -0.001 -22"><span class='ocrx_word' id='word_1_74' title='bbox 257 1361 368 1434; x_wconf 84' lang='lat' dir='ltr'>nollet.</span> <span class='ocrx_word' id='word_1_75' title='bbox 1304 1443 1306 1448; x_wconf 68' lang='lat'>,</span> 
     </span>
    </p>

    <p class='ocr_par' dir='ltr' id='par_1_3' title="bbox 258 1468 1355 1776">
     <span class='ocr_line' id='line_1_11' title="bbox 339 1468 1353 1559; baseline 0.002 -25"><span class='ocrx_word' id='word_1_76' title='bbox 339 1468 423 1535; x_wconf 88' lang='lat' dir='ltr'>Tres</span> <span class='ocrx_word' id='word_1_77' title='bbox 443 1468 540 1555; x_wconf 85' lang='lat' dir='ltr'>igitur</span> <span class='ocrx_word' id='word_1_78' title='bbox 564 1469 627 1536; x_wconf 92' lang='lat' dir='ltr'>loci</span> <span class='ocrx_word' id='word_1_79' title='bbox 650 1469 847 1538; x_wconf 84' lang='lat' dir='ltr'>eCiceronis</span> <span class='ocrx_word' id='word_1_80' title='bbox 870 1471 1013 1559; x_wconf 85' lang='lat' dir='ltr'>epistulis</span> <span class='ocrx_word' id='word_1_81' title='bbox 1035 1470 1078 1536; x_wconf 87' lang='lat' dir='ltr'>ita</span> <span class='ocrx_word' id='word_1_82' title='bbox 1097 1471 1353 1554; x_wconf 80' lang='lat' dir='ltr'>adferuntur,ut</span> 
     </span>
     <span class='ocr_line' id='line_1_12' title="bbox 260 1575 1355 1666; baseline 0.001 -21"><span class='ocrx_word' id='word_1_83' title='bbox 260 1575 385 1645; x_wconf 79' lang='lat' dir='ltr'>Gellius</span> <span class='ocrx_word' id='word_1_84' title='bbox 408 1587 439 1666; x_wconf 88' lang='lat' dir='ltr'>et</span> <span class='ocrx_word' id='word_1_85' title='bbox 458 1578 642 1664; x_wconf 63' lang='lat' dir='ltr'>ille-quem</span> <span class='ocrx_word' id='word_1_86' title='bbox 663 1579 773 1666; x_wconf 90' lang='lat' dir='ltr'>priore</span> <span class='ocrx_word' id='word_1_87' title='bbox 795 1581 866 1647; x_wconf 91' lang='lat' dir='ltr'>loco</span> <span class='ocrx_word' id='word_1_88' title='bbox 889 1589 1015 1646; x_wconf 88' lang='lat' dir='ltr'>secutus</span> <span class='ocrx_word' id='word_1_89' title='bbox 1039 1575 1231 1662; x_wconf 65' lang='lat' dir='ltr'>est&#39;Nonius,</span> <span class='ocrx_word' id='word_1_90' title='bbox 1253 1582 1355 1646; x_wconf 87' lang='lat' dir='ltr'>uerba</span> 
     </span>
     <span class='ocr_line' id='line_1_13' title="bbox 258 1683 1352 1776; baseline 0.002 -24"><span class='ocrx_word' id='word_1_91' title='bbox 258 1686 413 1752; x_wconf 89' lang='lat' dir='ltr'>enostris</span> <span class='ocrx_word' id='word_1_92' title='bbox 436 1689 606 1774; x_wconf 85' lang='lat' dir='ltr'>excerptis,</span> <span class='ocrx_word' id='word_1_93' title='bbox 631 1711 724 1776; x_wconf 90' lang='lat' dir='ltr'>quem</span> <span class='ocrx_word' id='word_1_94' title='bbox 745 1689 844 1756; x_wconf 86' lang='lat' dir='ltr'>altero</span> <span class='ocrx_word' id='word_1_95' title='bbox 866 1690 957 1771; x_wconf 91' lang='lat' dir='ltr'>loco,</span> <span class='ocrx_word' id='word_1_96' title='bbox 985 1689 1012 1752; x_wconf 90' lang='lat' dir='ltr'>is</span> <span class='ocrx_word' id='word_1_97' title='bbox 1036 1711 1077 1754; x_wconf 84' lang='lat' dir='ltr'>ex</span> <span class='ocrx_word' id='word_1_98' title='bbox 1099 1688 1176 1775; x_wconf 89' lang='lat' dir='ltr'>ipsis</span> <span class='ocrx_word' id='word_1_99' title='bbox 1197 1683 1352 1776; x_wconf 87' lang='lat' dir='ltr'>primige-</span> 
     </span>
    </p>
   </div>
   <div class='ocr_carea' id='block_1_3' title="bbox 138 1795 1354 1888">
    <p class='ocr_par' dir='ltr' id='par_1_4' title="bbox 138 1795 1354 1888">
     <span class='ocr_line' id='line_1_14' title="bbox 138 1795 1354 1888; baseline 0.002 -26"><span class='ocrx_word' id='word_1_100' title='bbox 138 1877 143 1888; x_wconf 34' lang='lat'>¹</span> <span class='ocrx_word' id='word_1_101' title='bbox 257 1795 318 1862; x_wconf 88' lang='lat' dir='ltr'>niis</span> <span class='ocrx_word' id='word_1_102' title='bbox 340 1795 546 1882; x_wconf 81' lang='lat' dir='ltr'>epistularum</span> <span class='ocrx_word' id='word_1_103' title='bbox 572 1797 662 1864; x_wconf 91' lang='lat' dir='ltr'>libris</span> <span class='ocrx_word' id='word_1_104' title='bbox 692 1798 936 1886; x_wconf 80' lang='lat' dir='ltr'>descripserint3</span> <span class='ocrx_word' id='word_1_105' title='bbox 971 1798 1058 1862; x_wconf 88' lang='lat' dir='ltr'>unde</span> <span class='ocrx_word' id='word_1_106' title='bbox 1088 1797 1218 1866; x_wconf 89' lang='lat' dir='ltr'>illorum</span> <span class='ocrx_word' id='word_1_107' title='bbox 1250 1807 1354 1864; x_wconf 86' lang='lat' dir='ltr'>aetate</span> 
     </span>
    </p>
   </div>
   <div class='ocr_carea' id='block_1_4' title="bbox 252 1905 1355 4283">
    <p class='ocr_par' dir='ltr' id='par_1_5' title="bbox 252 1905 1355 4283">
     <span class='ocr_line' id='line_1_15' title="bbox 259 1905 1355 1992; baseline 0.004 -22"><span class='ocrx_word' id='word_1_108' title='bbox 259 1914 411 1992; x_wconf 83' lang='lat' dir='ltr'>excerpta</span> <span class='ocrx_word' id='word_1_109' title='bbox 440 1905 532 1970; x_wconf 88' lang='lat' dir='ltr'>latius</span> <span class='ocrx_word' id='word_1_110' title='bbox 553 1907 803 1992; x_wconf 82' lang='lat' dir='ltr'>uulgatafuisse</span> <span class='ocrx_word' id='word_1_111' title='bbox 818 1905 1068 1992; x_wconf 87' lang='lat' dir='ltr'>intellegimus,</span> <span class='ocrx_word' id='word_1_112' title='bbox 1098 1907 1184 1990; x_wconf 93' lang='lat' dir='ltr'>quod</span> <span class='ocrx_word' id='word_1_113' title='bbox 1209 1907 1243 1969; x_wconf 93' lang='lat' dir='ltr'>in</span> <span class='ocrx_word' id='word_1_114' title='bbox 1268 1907 1355 1974; x_wconf 90' lang='lat' dir='ltr'>hune</span> 
     </span>
     <span class='ocr_line' id='line_1_16' title="bbox 257 2012 1354 2100; baseline 0 -20"><span class='ocrx_word' id='word_1_115' title='bbox 257 2036 322 2080; x_wconf 89' lang='lat' dir='ltr'>non</span> <span class='ocrx_word' id='word_1_116' title='bbox 341 2013 417 2078; x_wconf 91' lang='lat' dir='ltr'>item</span> <span class='ocrx_word' id='word_1_117' title='bbox 439 2014 530 2080; x_wconf 87' lang='lat' dir='ltr'>eadit.</span> <span class='ocrx_word' id='word_1_118' title='bbox 573 2012 667 2080; x_wconf 87' lang='lat' dir='ltr'>Nune</span> <span class='ocrx_word' id='word_1_119' title='bbox 689 2024 805 2098; x_wconf 89' lang='lat' dir='ltr'>autem,</span> <span class='ocrx_word' id='word_1_120' title='bbox 831 2014 857 2080; x_wconf 89' lang='lat' dir='ltr'>si</span> <span class='ocrx_word' id='word_1_121' title='bbox 880 2014 934 2100; x_wconf 90' lang='lat' dir='ltr'>qui</span> <span class='ocrx_word' id='word_1_122' title='bbox 956 2013 1074 2079; x_wconf 89' lang='lat' dir='ltr'>fuerint</span> <span class='ocrx_word' id='word_1_123' title='bbox 1094 2013 1161 2097; x_wconf 92' lang='lat' dir='ltr'>illi,</span> <span class='ocrx_word' id='word_1_124' title='bbox 1187 2037 1265 2100; x_wconf 92' lang='lat' dir='ltr'>quos</span> <span class='ocrx_word' id='word_1_125' title='bbox 1287 2014 1354 2082; x_wconf 90' lang='lat' dir='ltr'>No—</span> 
     </span>
     <span class='ocr_line' id='line_1_17' title="bbox 256 2122 1352 2212; baseline 0.001 -24"><span class='ocrx_word' id='word_1_126' title='bbox 256 2122 327 2188; x_wconf 89' lang='lat' dir='ltr'>nius</span> <span class='ocrx_word' id='word_1_127' title='bbox 350 2132 476 2188; x_wconf 86' lang='lat' dir='ltr'>secutus</span> <span class='ocrx_word' id='word_1_128' title='bbox 499 2132 563 2206; x_wconf 90' lang='lat' dir='ltr'>est,</span> <span class='ocrx_word' id='word_1_129' title='bbox 588 2124 789 2212; x_wconf 81' lang='lat' dir='ltr'>quaerimus,</span> <span class='ocrx_word' id='word_1_130' title='bbox 819 2125 853 2188; x_wconf 89' lang='lat' dir='ltr'>in</span> <span class='ocrx_word' id='word_1_131' title='bbox 878 2123 1006 2190; x_wconf 89' lang='lat' dir='ltr'>easdem</span> <span class='ocrx_word' id='word_1_132' title='bbox 1031 2125 1178 2190; x_wconf 82' lang='lat' dir='ltr'>molestas</span> <span class='ocrx_word' id='word_1_133' title='bbox 1201 2125 1352 2189; x_wconf 84' lang='lat' dir='ltr'>tenebras</span> 
     </span>
     <span class='ocr_line' id='line_1_18' title="bbox 257 2229 1351 2318; baseline 0 -22"><span class='ocrx_word' id='word_1_134' title='bbox 257 2229 441 2314; x_wconf 81' lang='lat' dir='ltr'>incidimus,</span> <span class='ocrx_word' id='word_1_135' title='bbox 474 2252 556 2316; x_wconf 86' lang='lat' dir='ltr'>quae</span> <span class='ocrx_word' id='word_1_136' title='bbox 576 2239 638 2296; x_wconf 85' lang='lat' dir='ltr'>tam</span> <span class='ocrx_word' id='word_1_137' title='bbox 660 2253 757 2318; x_wconf 82' lang='lat' dir='ltr'>saepe</span> <span class='ocrx_word' id='word_1_138' title='bbox 784 2231 954 2318; x_wconf 89' lang='lat' dir='ltr'>siquibus</span> <span class='ocrx_word' id='word_1_139' title='bbox 988 2254 1057 2296; x_wconf 89' lang='lat' dir='ltr'>eum</span> <span class='ocrx_word' id='word_1_140' title='bbox 1078 2229 1184 2298; x_wconf 89' lang='lat' dir='ltr'>Nonio</span> <span class='ocrx_word' id='word_1_141' title='bbox 1213 2254 1266 2298; x_wconf 88' lang='lat' dir='ltr'>res</span> <span class='ocrx_word' id='word_1_142' title='bbox 1293 2241 1351 2313; x_wconf 90' lang='lat' dir='ltr'>est,</span> 
     </span>
     <span class='ocr_line' id='line_1_19' title="bbox 259 2338 1352 2428; baseline 0.002 -24"><span class='ocrx_word' id='word_1_143' title='bbox 259 2361 321 2426; x_wconf 92' lang='lat' dir='ltr'>quo</span> <span class='ocrx_word' id='word_1_144' title='bbox 344 2339 447 2404; x_wconf 86' lang='lat' dir='ltr'>minus</span> <span class='ocrx_word' id='word_1_145' title='bbox 473 2338 603 2426; x_wconf 85' lang='lat' dir='ltr'>longius</span> <span class='ocrx_word' id='word_1_146' title='bbox 625 2339 658 2405; x_wconf 88' lang='lat' dir='ltr'>in</span> <span class='ocrx_word' id='word_1_147' title='bbox 681 2339 873 2426; x_wconf 89' lang='lat' dir='ltr'>inquirendo</span> <span class='ocrx_word' id='word_1_148' title='bbox 894 2339 1090 2426; x_wconf 86' lang='lat' dir='ltr'>procedant,</span> <span class='ocrx_word' id='word_1_149' title='bbox 1121 2348 1194 2404; x_wconf 85' lang='lat' dir='ltr'>sunt</span> <span class='ocrx_word' id='word_1_150' title='bbox 1216 2339 1352 2428; x_wconf 88' lang='lat' dir='ltr'>impedi·</span> 
     </span>
     <span class='ocr_line' id='line_1_20' title="bbox 257 2447 1353 2534; baseline 0 -20"><span class='ocrx_word' id='word_1_151' title='bbox 257 2458 376 2514; x_wconf 89' lang='lat' dir='ltr'>mento.</span> <span class='ocrx_word' id='word_1_152' title='bbox 406 2447 625 2534; x_wconf 83' lang='lat' dir='ltr'>Cognouimus</span> <span class='ocrx_word' id='word_1_153' title='bbox 650 2471 726 2514; x_wconf 86' lang='lat' dir='ltr'>sane</span> <span class='ocrx_word' id='word_1_154' title='bbox 738 2447 879 2514; x_wconf 91' lang='lat' dir='ltr'>Nonium</span> <span class='ocrx_word' id='word_1_155' title='bbox 902 2448 1008 2514; x_wconf 89' lang='lat' dir='ltr'>multis</span> <span class='ocrx_word' id='word_1_156' title='bbox 1021 2447 1181 2534; x_wconf 87' lang='lat' dir='ltr'>uariisque</span> <span class='ocrx_word' id='word_1_157' title='bbox 1201 2448 1235 2514; x_wconf 89' lang='lat' dir='ltr'>in</span> <span class='ocrx_word' id='word_1_158' title='bbox 1255 2451 1353 2514; x_wconf 89' lang='lat' dir='ltr'>rebus</span> 
     </span>
     <span class='ocr_line' id='line_1_21' title="bbox 259 2556 1353 2646; baseline -0.002 -22"><span class='ocrx_word' id='word_1_159' title='bbox 259 2556 365 2624; x_wconf 82' lang='lat' dir='ltr'>Gellio</span> <span class='ocrx_word' id='word_1_160' title='bbox 397 2557 484 2621; x_wconf 90' lang='lat' dir='ltr'>fonte</span> <span class='ocrx_word' id='word_1_161' title='bbox 507 2579 694 2644; x_wconf 85' lang='lat' dir='ltr'>quamquam</span> <span class='ocrx_word' id='word_1_162' title='bbox 726 2557 852 2624; x_wconf 84' lang='lat' dir='ltr'>tacitum</span> <span class='ocrx_word' id='word_1_163' title='bbox 879 2579 972 2624; x_wconf 87' lang='lat' dir='ltr'>usum</span> <span class='ocrx_word' id='word_1_164' title='bbox 1005 2578 1074 2622; x_wconf 89' lang='lat' dir='ltr'>esse</span> <span class='ocrx_word' id='word_1_165' title='bbox 1105 2593 1144 2604; x_wconf 91' lang='lat'><em>-</em></span> <span class='ocrx_word' id='word_1_166' title='bbox 1174 2557 1233 2622; x_wconf 90' lang='lat' dir='ltr'>sed</span> <span class='ocrx_word' id='word_1_167' title='bbox 1252 2557 1353 2646; x_wconf 88' lang='lat' dir='ltr'>longe</span> 
     </span>
     <span class='ocr_line' id='line_1_22' title="bbox 258 2665 1346 2752; baseline 0.001 -21"><span class='ocrx_word' id='word_1_168' title='bbox 258 2666 431 2732; x_wconf 80' lang='lat' dir='ltr'>elicerent</span> <span class='ocrx_word' id='word_1_169' title='bbox 462 2687 542 2751; x_wconf 90' lang='lat' dir='ltr'>quae</span> <span class='ocrx_word' id='word_1_170' title='bbox 572 2665 601 2730; x_wconf 91' lang='lat' dir='ltr'>ei</span> <span class='ocrx_word' id='word_1_171' title='bbox 630 2668 717 2744; x_wconf 85' lang='lat' dir='ltr'>locos</span> <span class='ocrx_word' id='word_1_172' title='bbox 740 2666 916 2734; x_wconf 85' lang='lat' dir='ltr'>Ciceronis·</span> <span class='ocrx_word' id='word_1_173' title='bbox 936 2665 1143 2751; x_wconf 82' lang='lat' dir='ltr'>epistularum</span> <span class='ocrx_word' id='word_1_174' title='bbox 1164 2666 1346 2752; x_wconf 89' lang='lat' dir='ltr'>suppedita-</span> 
     </span>
     <span class='ocr_line' id='line_1_23' title="bbox 256 2771 1347 2860; baseline -0.003 -19"><span class='ocrx_word' id='word_1_175' title='bbox 256 2777 341 2841; x_wconf 86' lang='lat' dir='ltr'>bant.</span> <span class='ocrx_word' id='word_1_176' title='bbox 385 2771 466 2840; x_wconf 84' lang='lat' dir='ltr'>Gum</span> <span class='ocrx_word' id='word_1_177' title='bbox 490 2775 571 2840; x_wconf 90' lang='lat' dir='ltr'>enim</span> <span class='ocrx_word' id='word_1_178' title='bbox 592 2774 715 2840; x_wconf 88' lang='lat' dir='ltr'>Nonius</span> <span class='ocrx_word' id='word_1_179' title='bbox 737 2774 809 2860; x_wconf 91' lang='lat' dir='ltr'>plus</span> <span class='ocrx_word' id='word_1_180' title='bbox 829 2773 1030 2860; x_wconf 86' lang='lat' dir='ltr'>septuaginta</span> <span class='ocrx_word' id='word_1_181' title='bbox 1053 2773 1235 2838; x_wconf 90' lang='lat' dir='ltr'>huiusmodi</span> <span class='ocrx_word' id='word_1_182' title='bbox 1257 2773 1347 2838; x_wconf 90' lang='lat' dir='ltr'>locos</span> 
     </span>
     <span class='ocr_line' id='line_1_24' title="bbox 256 2881 1351 2970; baseline -0.002 -21"><span class='ocrx_word' id='word_1_183' title='bbox 256 2884 395 2966; x_wconf 85' lang='lat' dir='ltr'>adferat,</span> <span class='ocrx_word' id='word_1_184' title='bbox 426 2884 511 2970; x_wconf 90' lang='lat' dir='ltr'>apud</span> <span class='ocrx_word' id='word_1_185' title='bbox 535 2881 676 2950; x_wconf 89' lang='lat' dir='ltr'>Gellium</span> <span class='ocrx_word' id='word_1_186' title='bbox 700 2893 763 2949; x_wconf 88' lang='lat' dir='ltr'>tres</span> <span class='ocrx_word' id='word_1_187' title='bbox 786 2891 905 2968; x_wconf 77' lang='lat' dir='ltr'>tantum</span> <span class='ocrx_word' id='word_1_188' title='bbox 928 2883 1107 2969; x_wconf 89' lang='lat' dir='ltr'>reperimus</span> <span class='ocrx_word' id='word_1_189' title='bbox 1142 2921 1178 2932; x_wconf 54' lang='grc' dir='ltr'>-ν</span> <span class='ocrx_word' id='word_1_190' title='bbox 1215 2905 1351 2966; x_wconf 91' lang='lat' dir='ltr'>quorum</span> 
     </span>
     <span class='ocr_line' id='line_1_25' title="bbox 254 2990 1351 3078; baseline -0.001 -18"><span class='ocrx_word' id='word_1_191' title='bbox 254 3015 297 3060; x_wconf 88' lang='lat' dir='ltr'>ne</span> <span class='ocrx_word' id='word_1_192' title='bbox 320 3016 418 3060; x_wconf 91' lang='lat' dir='ltr'>unum</span> <span class='ocrx_word' id='word_1_193' title='bbox 443 2991 571 3078; x_wconf 88' lang='lat' dir='ltr'>quidem</span> <span class='ocrx_word' id='word_1_194' title='bbox 582 2993 706 3058; x_wconf 87' lang='lat' dir='ltr'>Nonius</span> <span class='ocrx_word' id='word_1_195' title='bbox 731 2994 763 3056; x_wconf 93' lang='lat' dir='ltr'>in</span> <span class='ocrx_word' id='word_1_196' title='bbox 784 3015 858 3058; x_wconf 90' lang='lat' dir='ltr'>suos</span> <span class='ocrx_word' id='word_1_197' title='bbox 880 2993 979 3058; x_wconf 86' lang='lat' dir='ltr'>libros</span> <span class='ocrx_word' id='word_1_198' title='bbox 999 2992 1131 3078; x_wconf 88' lang='lat' dir='ltr'>recepit.</span> <span class='ocrx_word' id='word_1_199' title='bbox 1153 2990 1221 3058; x_wconf 84' lang='lat' dir='ltr'>Sed</span> <span class='ocrx_word' id='word_1_200' title='bbox 1247 2993 1351 3076; x_wconf 79' lang='lat' dir='ltr'>quid?</span> 
     </span>
     <span class='ocr_line' id='line_1_26' title="bbox 254 3085 1351 3190; baseline -0.003 -20"><span class='ocrx_word' id='word_1_201' title='bbox 254 3102 372 3170; x_wconf 88' lang='lat' dir='ltr'>Nonne</span> <span class='ocrx_word' id='word_1_202' title='bbox 397 3103 486 3172; x_wconf 88' lang='lat' dir='ltr'>Gelli</span> <span class='ocrx_word' id='word_1_203' title='bbox 506 3113 634 3170; x_wconf 82' lang='lat' dir='ltr'>octauus</span> <span class='ocrx_word' id='word_1_204' title='bbox 655 3085 738 3170; x_wconf 83' lang='lat' dir='ltr'>liber</span> <span class='ocrx_word' id='word_1_205' title='bbox 760 3112 843 3168; x_wconf 90' lang='lat' dir='ltr'>totus</span> <span class='ocrx_word' id='word_1_206' title='bbox 864 3102 983 3190; x_wconf 80' lang='lat' dir='ltr'>periit?</span> <span class='ocrx_word' id='word_1_207' title='bbox 1026 3101 1142 3167; x_wconf 89' lang='lat' dir='ltr'>Nonne</span> <span class='ocrx_word' id='word_1_208' title='bbox 1166 3102 1210 3168; x_wconf 90' lang='lat' dir='ltr'>ibi</span> <span class='ocrx_word' id='word_1_209' title='bbox 1233 3103 1273 3168; x_wconf 90' lang='lat' dir='ltr'>de</span> <span class='ocrx_word' id='word_1_210' title='bbox 1299 3101 1351 3170; x_wconf 82' lang='lat' dir='ltr'>Oi-</span> 
     </span>
     <span class='ocr_line' id='line_1_27' title="bbox 257 3197 1352 3298; baseline -0.002 -18"><span class='ocrx_word' id='word_1_211' title='bbox 257 3233 373 3280; x_wconf 83' lang='lat' dir='ltr'>eerone</span> <span class='ocrx_word' id='word_1_212' title='bbox 394 3233 493 3298; x_wconf 85' lang='lat' dir='ltr'>agere</span> <span class='ocrx_word' id='word_1_213' title='bbox 514 3211 641 3298; x_wconf 80' lang='lat' dir='ltr'>potuit?</span> <span class='ocrx_word' id='word_1_214' title='bbox 677 3197 785 3276; x_wconf 53' lang='lat' dir='ltr'>&#39;Immo</span> <span class='ocrx_word' id='word_1_215' title='bbox 802 3235 867 3278; x_wconf 90' lang='lat' dir='ltr'>non</span> <span class='ocrx_word' id='word_1_216' title='bbox 888 3212 990 3298; x_wconf 88' lang='lat' dir='ltr'>potuit</span> <span class='ocrx_word' id='word_1_217' title='bbox 1010 3210 1124 3292; x_wconf 89' lang='lat' dir='ltr'>solum,</span> <span class='ocrx_word' id='word_1_218' title='bbox 1146 3210 1203 3275; x_wconf 91' lang='lat' dir='ltr'>sed</span> <span class='ocrx_word' id='word_1_219' title='bbox 1219 3213 1296 3286; x_wconf 72' lang='lat' dir='ltr'>eum&#39;</span> <span class='ocrx_word' id='word_1_220' title='bbox 1313 3234 1352 3278; x_wconf 89' lang='lat' dir='ltr'>re</span> 
     </span>
     <span class='ocr_line' id='line_1_28' title="bbox 255 3321 1351 3414; baseline 0.002 -26"><span class='ocrx_word' id='word_1_221' title='bbox 255 3343 333 3388; x_wconf 87' lang='lat' dir='ltr'>uera</span> <span class='ocrx_word' id='word_1_222' title='bbox 356 3323 396 3400; x_wconf 83' lang='lat' dir='ltr'>de</span> <span class='ocrx_word' id='word_1_223' title='bbox 420 3321 577 3389; x_wconf 81' lang='lat' dir='ltr'>Cicerone</span> <span class='ocrx_word' id='word_1_224' title='bbox 598 3331 690 3388; x_wconf 83' lang='lat' dir='ltr'>sexto</span> <span class='ocrx_word' id='word_1_225' title='bbox 724 3325 798 3408; x_wconf 88' lang='lat' dir='ltr'>(nee</span> <span class='ocrx_word' id='word_1_226' title='bbox 819 3345 897 3388; x_wconf 90' lang='lat' dir='ltr'>uero</span> <span class='ocrx_word' id='word_1_227' title='bbox 919 3323 985 3388; x_wconf 92' lang='lat' dir='ltr'>ullo</span> <span class='ocrx_word' id='word_1_228' title='bbox 1008 3325 1085 3414; x_wconf 89' lang='lat' dir='ltr'>alio)</span> <span class='ocrx_word' id='word_1_229' title='bbox 1118 3324 1219 3411; x_wconf 90' lang='lat' dir='ltr'>capite</span> <span class='ocrx_word' id='word_1_230' title='bbox 1243 3324 1351 3410; x_wconf 82' lang='lat' dir='ltr'>egisse</span> 
     </span>
     <span class='ocr_line' id='line_1_29' title="bbox 255 3431 1348 3520; baseline -0.001 -20"><span class='ocrx_word' id='word_1_231' title='bbox 255 3453 299 3500; x_wconf 84' lang='lat' dir='ltr'>ex</span> <span class='ocrx_word' id='word_1_232' title='bbox 320 3431 477 3497; x_wconf 90' lang='lat' dir='ltr'>indicibus</span> <span class='ocrx_word' id='word_1_233' title='bbox 497 3432 577 3514; x_wconf 88' lang='lat' dir='ltr'>illis,</span> <span class='ocrx_word' id='word_1_234' title='bbox 594 3454 672 3518; x_wconf 91' lang='lat' dir='ltr'>quos</span> <span class='ocrx_word' id='word_1_235' title='bbox 697 3433 821 3500; x_wconf 86' lang='lat' dir='ltr'>Gellius</span> <span class='ocrx_word' id='word_1_236' title='bbox 842 3433 913 3520; x_wconf 88' lang='lat' dir='ltr'>ipse</span> <span class='ocrx_word' id='word_1_237' title='bbox 935 3433 1070 3518; x_wconf 90' lang='lat' dir='ltr'>singulis</span> <span class='ocrx_word' id='word_1_238' title='bbox 1093 3434 1182 3500; x_wconf 87' lang='lat' dir='ltr'>libris</span> <span class='ocrx_word' id='word_1_239' title='bbox 1208 3434 1348 3520; x_wconf 90' lang='lat' dir='ltr'>praemi-</span> 
     </span>
     <span class='ocr_line' id='line_1_30' title="bbox 255 3521 1351 3628; baseline 0.005 -24"><span class='ocrx_word' id='word_1_240' title='bbox 255 3539 314 3622; x_wconf 89' lang='lat' dir='ltr'>sit,</span> <span class='ocrx_word' id='word_1_241' title='bbox 345 3542 493 3627; x_wconf 86' lang='lat' dir='ltr'>adparet,</span> <span class='ocrx_word' id='word_1_242' title='bbox 522 3541 578 3608; x_wconf 89' lang='lat' dir='ltr'>ubi</span> <span class='ocrx_word' id='word_1_243' title='bbox 605 3543 722 3628; x_wconf 88' lang='lat' dir='ltr'>scripta</span> <span class='ocrx_word' id='word_1_244' title='bbox 750 3551 823 3627; x_wconf 87' lang='lat' dir='ltr'>sunt</span> <span class='ocrx_word' id='word_1_245' title='bbox 847 3521 962 3608; x_wconf 74' lang='lat' dir='ltr'>hiere:</span> <span class='ocrx_word' id='word_1_246' title='bbox 994 3543 1084 3627; x_wconf 90' lang='lat' dir='ltr'>,quid</span> <span class='ocrx_word' id='word_1_247' title='bbox 1105 3542 1147 3608; x_wconf 89' lang='lat' dir='ltr'>M.</span> <span class='ocrx_word' id='word_1_248' title='bbox 1171 3541 1285 3609; x_wconf 81' lang='lat' dir='ltr'>Cicero</span> <span class='ocrx_word' id='word_1_249' title='bbox 1309 3543 1351 3609; x_wconf 90' lang='lat' dir='ltr'>de</span> 
     </span>
     <span class='ocr_line' id='line_1_31' title="bbox 255 3633 1351 3742; baseline 0.004 -29"><span class='ocrx_word' id='word_1_250' title='bbox 255 3671 364 3715; x_wconf 89' lang='lat' dir='ltr'>amore</span> <span class='ocrx_word' id='word_1_251' title='bbox 385 3647 539 3742; x_wconf 86' lang='lat' dir='ltr'>amicitiae</span> <span class='ocrx_word' id='word_1_252' title='bbox 561 3653 703 3716; x_wconf 81' lang='lat' dir='ltr'>senserit</span> <span class='ocrx_word' id='word_1_253' title='bbox 719 3633 795 3716; x_wconf 86' lang='lat' dir='ltr'>cum¹</span> <span class='ocrx_word' id='word_1_254' title='bbox 813 3651 911 3739; x_wconf 88' lang='lat' dir='ltr'>ipsius</span> <span class='ocrx_word' id='word_1_255' title='bbox 936 3652 1042 3718; x_wconf 89' lang='lat' dir='ltr'>uerbis</span> <span class='ocrx_word' id='word_1_256' title='bbox 1067 3651 1231 3717; x_wconf 70' lang='lat' dir='ltr'>additum!</span> <span class='ocrx_word' id='word_1_257' title='bbox 1261 3653 1351 3718; x_wconf 85' lang='lat' dir='ltr'>Atta-</span> 
     </span>
     <span class='ocr_line' id='line_1_32' title="bbox 255 3759 1351 3854; baseline 0.005 -32"><span class='ocrx_word' id='word_1_258' title='bbox 255 3777 330 3822; x_wconf 89' lang='lat' dir='ltr'>men</span> <span class='ocrx_word' id='word_1_259' title='bbox 351 3781 467 3824; x_wconf 91' lang='lat' dir='ltr'>uereor</span> <span class='ocrx_word' id='word_1_260' title='bbox 489 3771 523 3823; x_wconf 90' lang='lat' dir='ltr'>ut</span> <span class='ocrx_word' id='word_1_261' title='bbox 552 3761 627 3854; x_wconf 86' lang='lat' dir='ltr'>huic</span> <span class='ocrx_word' id='word_1_262' title='bbox 649 3759 742 3846; x_wconf 85' lang='lat' dir='ltr'>copiti</span> <span class='ocrx_word' id='word_1_263' title='bbox 765 3784 834 3826; x_wconf 89' lang='lat' dir='ltr'>eum</span> <span class='ocrx_word' id='word_1_264' title='bbox 861 3759 1022 3826; x_wconf 85' lang='lat' dir='ltr'>Ciceronis</span> <span class='ocrx_word' id='word_1_265' title='bbox 1045 3760 1186 3848; x_wconf 86' lang='lat' dir='ltr'>epistulis</span> <span class='ocrx_word' id='word_1_266' title='bbox 1207 3784 1257 3826; x_wconf 89' lang='lat' dir='ltr'>res</span> <span class='ocrx_word' id='word_1_267' title='bbox 1282 3762 1351 3828; x_wconf 89' lang='lat' dir='ltr'>fue-</span> 
     </span>
     <span class='ocr_line' id='line_1_33' title="bbox 254 3862 1348 3958; baseline 0.004 -24"><span class='ocrx_word' id='word_1_268' title='bbox 254 3862 303 3951; x_wconf 88' lang='lat' dir='ltr'>rit,</span> <span class='ocrx_word' id='word_1_269' title='bbox 326 3891 397 3934; x_wconf 90' lang='lat' dir='ltr'>cum</span> <span class='ocrx_word' id='word_1_270' title='bbox 422 3867 507 3938; x_wconf 88' lang='lat' dir='ltr'>Gelli</span> <span class='ocrx_word' id='word_1_271' title='bbox 530 3871 644 3958; x_wconf 79' lang='lat' dir='ltr'>uerba:</span> <span class='ocrx_word' id='word_1_272' title='bbox 667 3891 752 3952; x_wconf 88' lang='lat' dir='ltr'>,cum</span> <span class='ocrx_word' id='word_1_273' title='bbox 773 3870 872 3957; x_wconf 88' lang='lat' dir='ltr'>ipsius</span> <span class='ocrx_word' id='word_1_274' title='bbox 895 3871 1015 3937; x_wconf 85' lang='lat' dir='ltr'>uerbis‘</span> <span class='ocrx_word' id='word_1_275' title='bbox 1035 3894 1099 3936; x_wconf 90' lang='lat' dir='ltr'>nou</span> <span class='ocrx_word' id='word_1_276' title='bbox 1121 3881 1185 3936; x_wconf 90' lang='lat' dir='ltr'>tam</span> <span class='ocrx_word' id='word_1_277' title='bbox 1200 3870 1348 3956; x_wconf 88' lang='lat' dir='ltr'>singulos</span> 
     </span>
     <span class='ocr_line' id='line_1_34' title="bbox 255 3977 1351 4068; baseline 0.004 -26"><span class='ocrx_word' id='word_1_278' title='bbox 255 3977 344 4044; x_wconf 91' lang='lat' dir='ltr'>locos</span> <span class='ocrx_word' id='word_1_279' title='bbox 364 3977 550 4046; x_wconf 88' lang='lat' dir='ltr'>hine-illinc</span> <span class='ocrx_word' id='word_1_280' title='bbox 573 3981 750 4063; x_wconf 84' lang='lat' dir='ltr'>conlectos,</span> <span class='ocrx_word' id='word_1_281' title='bbox 775 4003 866 4065; x_wconf 90' lang='lat' dir='ltr'>quarn</span> <span class='ocrx_word' id='word_1_282' title='bbox 887 3979 1069 4066; x_wconf 83' lang='lat' dir='ltr'>longiorem</span> <span class='ocrx_word' id='word_1_283' title='bbox 1085 3981 1221 4068; x_wconf 86' lang='lat' dir='ltr'>aliquam</span> <span class='ocrx_word' id='word_1_284' title='bbox 1248 3980 1351 4067; x_wconf 84' lang='lat' dir='ltr'>expli·</span> 
     </span>
     <span class='ocr_line' id='line_1_35' title="bbox 256 4085 1351 4173; baseline -0.001 -19"><span class='ocrx_word' id='word_1_285' title='bbox 256 4085 411 4156; x_wconf 81' lang='lat' dir='ltr'>rationem</span> <span class='ocrx_word' id='word_1_286' title='bbox 440 4086 547 4154; x_wconf 86' lang='lat' dir='ltr'>locum</span> <span class='ocrx_word' id='word_1_287' title='bbox 571 4087 724 4170; x_wconf 86' lang='lat' dir='ltr'>¹habuisse</span> <span class='ocrx_word' id='word_1_288' title='bbox 757 4086 830 4152; x_wconf 87' lang='lat' dir='ltr'>satis</span> <span class='ocrx_word' id='word_1_289' title='bbox 863 4087 1006 4155; x_wconf 86' lang='lat' dir='ltr'>doceant.</span> <span class='ocrx_word' id='word_1_290' title='bbox 1062 4087 1150 4168; x_wconf 81' lang='lat' dir='ltr'>Quid</span> <span class='ocrx_word' id='word_1_291' title='bbox 1181 4087 1208 4152; x_wconf 88' lang='lat' dir='ltr'>si</span> <span class='ocrx_word' id='word_1_292' title='bbox 1236 4087 1351 4173; x_wconf 84' lang='lat' dir='ltr'>,ipsius</span> 
     </span>
     <span class='ocr_line' id='line_1_36' title="bbox 252 4194 1351 4283; baseline 0.005 -23"><span class='ocrx_word' id='word_1_293' title='bbox 252 4196 364 4261; x_wconf 86' lang='lat' dir='ltr'>uerba‘</span> <span class='ocrx_word' id='word_1_294' title='bbox 393 4216 411 4261; x_wconf 89' lang='lat' dir='ltr'>e</span> <span class='ocrx_word' id='word_1_295' title='bbox 440 4194 525 4261; x_wconf 90' lang='lat' dir='ltr'>Tulli</span> <span class='ocrx_word' id='word_1_296' title='bbox 541 4194 656 4271; x_wconf 53' lang='lat' dir='ltr'>‚Laelio</span> <span class='ocrx_word' id='word_1_297' title='bbox 680 4206 805 4283; x_wconf 87' lang='lat' dir='ltr'>sumpta</span> <span class='ocrx_word' id='word_1_298' title='bbox 825 4197 941 4264; x_wconf 84' lang='lat' dir='ltr'>erant?</span> <span class='ocrx_word' id='word_1_299' title='bbox 983 4196 1051 4266; x_wconf 84' lang='lat' dir='ltr'>sed</span> <span class='ocrx_word' id='word_1_300' title='bbox 1074 4198 1249 4283; x_wconf 76' lang='lat' dir='ltr'>largiamur</span> <span class='ocrx_word' id='word_1_301' title='bbox 1271 4196 1351 4265; x_wconf 88' lang='lat' dir='ltr'>Gel—</span> 
     </span>
    </p>
   </div>
   <div class='ocr_carea' id='block_1_5' title="bbox 0 0 1524 4810">
    <p class='ocr_par' dir='ltr' id='par_1_6' title="bbox 0 0 1524 4810">
     <span class='ocr_line' id='line_1_37' title="bbox 0 0 1524 4810; baseline 0 1"><span class='ocrx_word' id='word_1_302' title='bbox 0 0 1524 4810; x_wconf 95' lang='lat' dir='ltr'> </span> 
     </span>
    </p>
   </div>
  </div>
 </body>
</html>
