3040 4810
791 359 829 428 18

341 539 454 606 Paullo
477 540 581 606 minus
603 549 724 607 eertum
745 561 839 626 quam
861 540 902 605 de
926 539 1068 626 epistulis
1089 539 1129 604 ad
1141 539 1282 606 Atticum
1304 515 1370 603 iu·

262 648 379 716 dicium
405 649 446 714 de
467 647 753 715 tribuslibris
781 649 830 714 ad
855 646 1052 727 Quintum
1082 645 1352 714 fratremmis-
1433 717 1437 724 ,
1493 725 1494 732 ¹

259 755 301 820 sis
317 765 373 837 est,
395 776 475 840 quos
498 754 688 820 selectos
707 775 787 819 non
809 775 908 820 esse
929 773 1251 840 quamquamsumma
1270 753 1351 818 fidu·

259 864 306 930 cia
325 863 496 929 adfirmare
520 885 583 928 non
605 884 784 950 possumus,
806 871 912 928 tamen
930 884 1062 950 prorsus
1082 862 1151 928 ueri
1173 861 1277 928 simile
1294 870 1353 928 est.

256 969 340 1036 Nam
361 980 586 1056 argumentum
608 970 769 1055 quoddam
790 970 852 1036 iam
873 970 950 1036 iude
970 979 1080 1055 petere
1104 970 1188 1050 lieet,
1213 969 1299 1054 quod
1320 968 1354 1034 hi

257 1080 332 1146 libri
352 1102 417 1145 non
440 1103 510 1148 eum
535 1079 694 1164 excerptis
716 1079 778 1152 illis
803 1079 893 1166 (epp.
915 1079 957 1144 ad
983 1079 1070 1163 fam.)
1100 1079 1132 1143 in
1163 1079 1277 1146 eodem
1302 1099 1352 1144 oo-

260 1188 330 1254 dlee
354 1188 521 1270 coniuncti,
543 1188 602 1252 sed
624 1188 759 1254 seiuncti
780 1189 884 1274 potius
908 1188 941 1254 iu
964 1189 1078 1254 eodem
1093 1187 1354 1274 libroreperium

258 1283 318 1380 tur,
344 1298 397 1382 qui
419 1297 569 1383 epistulas
592 1297 632 1362 ad
641 1297 793 1379 Atticum,
818 1319 898 1383 quae
912 1297 1050 1362 seleetae
1070 1319 1153 1362 non
1174 1306 1255 1379 sunt,
1280 1319 1354 1363 eon·

257 1409 344 1474 tinet.
387 1405 518 1472 Deinde
541 1415 614 1472 sunt
634 1429 784 1489 caussae,
824 1429 879 1474 eur
909 1407 1053 1472 hostros
1077 1406 1179 1472 libros
1198 1406 1284 1471 solos
1309 1405 1355 1470 di·

257 1515 404 1600 uulgatos
429 1536 500 1580 esse
524 1524 681 1601 putemus.
736 1513 827 1596 Quae
852 1515 1006 1601 epistulae
1029 1537 1099 1582 eum
1123 1524 1185 1580 mm
1205 1521 1354 1580 accurate

257 1645 321 1689 nou
341 1624 445 1689 solum
468 1645 621 1689 annorum
644 1623 704 1688 sed
726 1624 819 1690 etiam
841 1625 966 1690 dierum
982 1647 1044 1710 quo
1066 1644 1212 1710 quaeque
1232 1623 1350 1708 scripta

259 1740 306 1798 est
327 1732 472 1796 ordinem
492 1741 623 1796 seruent
641 1731 731 1818 ipsae
753 1730 905 1812 Quintum
929 1755 1035 1798 curam
1059 1732 1217 1818 quandam
1247 1732 1280 1796 in
1299 1730 1349 1795 his

256 1841 353 1905 rebus
377 1838 560 1904 adhibuisse
583 1839 707 1912 decent.
758 1838 870 1924 Itaque
894 1862 964 1903 eum
987 1848 1050 1904 tres
1076 1839 1150 1906 libri
1173 1839 1265 1905 nobis
1286 1859 1354 1904 ser·

257 1948 320 2014 uati
341 1948 423 2013 intra
445 1970 562 2012 annum
582 1945 888 2016 IOCLXXXXIIII.
913 1957 943 2012 et
966 1945 1078 2015 1000.
1102 1947 1189 2013 missi
1204 1951 1274 2029 sint,
1301 1970 1354 2013 eas

259 2077 335 2140 quas
358 2055 534 2139 posthunc
563 2075 682 2118 annum
705 2052 819 2120 Cicero
852 2055 893 2120 ad
922 2057 1051 2120 fratrem
1076 2055 1170 2120 dedit
1200 2055 1350 2142 epistulas

256 2165 295 2230 ab
316 2165 387 2250 ipso
408 2162 528 2244 Quinto
551 2163 671 2228 deletas
694 2183 764 2228 esse
788 2163 919 2230 canicie.
973 2162 1063 2243 Quae
1085 2165 1265 2230 coniectura
1286 2164 1354 2249 pri·

255 2293 342 2338 mum
365 2271 474 2338 ineas
499 2272 597 2356 cadit,
625 2293 705 2356 quae
728 2272 816 2337 fratri
838 2273 927 2337 annis
948 2269 1266 2356 Ioco-locon„
1291 2296 1354 2360 quo

256 2391 401 2469 tempore
432 2381 518 2468 apud
549 2379 719 2448 Caesarem
747 2380 781 2444 in
812 2379 918 2448 Gallia
946 2383 1204 2465 uersabaturll),
1239 2384 1353 2448 missae

255 2502 343 2571 sunt;
377 2489 420 2556 M.
451 2489 692 2572 Tulliusenim
723 2491 794 2575 ipse
825 2513 874 2578 ep.
906 2491 947 2557 ad
975 2490 1084 2573 Quint·
1116 2494 1154 2558 fr.
1175 2492 1233 2560 ΙΙΙ.
1263 2494 1292 2558 9.
1314 2493 1351 2558 3:

255 2599 372 2682 ,Quam
393 2605 511 2664 autem‘
535 2600 637 2685 inquit
656 2611 700 2685 ‚te
722 2600 820 2666 uelim
841 2611 964 2666 cautum
979 2624 1050 2667 esse
1071 2601 1286 2668 inscribendo
1311 2623 1353 2666 ax

256 2710 319 2776 hoc
340 2708 485 2788 conicite,
509 2709 595 2792 quod
620 2730 682 2794 ego
704 2710 744 2774 ad
766 2718 798 2772 te
821 2731 862 2774 ne
884 2709 963 2775 haee
983 2709 1113 2794 quidem
1133 2712 1248 2791 scribo,
1272 2731 1352 2794 quae

255 2820 360 2904 palam
378 2817 413 2882 in
433 2839 468 2882 re
490 2817 618 2904 publica
638 2819 822 2898 turbantur,
846 2839 887 2882 ne
910 2819 1092 2904 cuiusquam
1107 2817 1245 2883 animum
1260 2839 1351 2882 meae

258 2927 384 2992 litterae
405 2927 601 3014 interceptae
624 2927 810 2992 offendant!
850 2927 978 3012 Itaque,
1011 2949 1081 2993 eum
1103 2927 1136 2991 in
1157 2928 1206 2992 his
1227 2936 1349 3014 postre-

254 3035 313 3100 mis
337 3056 412 3119 quas
435 3035 604 3101 habeamus
628 3036 668 3102 ad
693 3037 822 3101 fratrem
843 3036 955 3102 litteris
977 3037 1101 3102 Marcus
1122 3034 1275 3116 Quintum
1298 3035 1352 3100 ud·

254 3145 411 3226 hortetur,
437 3154 472 3209 ut
493 3145 656 3212 cautusin
677 3145 846 3212 scribendo
870 3147 925 3228 sit,
958 3168 1091 3231 eumque
1117 3146 1251 3232 ipsene
1277 3167 1352 3211 suae

258 3251 412 3339 epistulae
435 3252 675 3340 intercipiantur
695 3264 862 3335 uereatur,
895 3255 1022 3319 fratrem
1046 3276 1098 3318 eas
1120 3275 1161 3318 ne
1181 3254 1213 3317 in
1235 3252 1350 3320 Caesa·

254 3362 416 3428 rianorum
436 3383 547 3426 manus
569 3360 748 3428 inciderent
768 3360 928 3426 delenisse
950 3361 1042 3428 facile
1063 3361 1154 3428 nobis
1176 3361 1351 3447 persuade·

261 3547 459 3558 ..Μ

255 3679 352 3748 eum‘)‚
380 3677 483 3734 Charis.
501 3680 620 3750 pg.146.
639 3680 672 3734 31
692 3677 764 3732 Keil.
786 3679 838 3746 sd,
853 3678 979 3734 Diomed.
999 3697 1045 3749 pg.
1058 3680 1121 3735 410.
1138 3680 1155 3734 8
1174 3681 1352 3750 (quamquam

253 3775 328 3830 hune
346 3774 457 3844 quidem
474 3774 566 3832 losum
583 3774 727 3830 turbatum
744 3791 804 3830 esse
816 3778 908 3845 patet;
925 3792 975 3830 cnr
992 3780 1085 3830 autem
1093 3774 1199 3832 Keilius
1214 3795 1260 3832 uu.
1280 3794 1352 3847 ,pro-

253 3871 316 3942 pius
336 3889 362 3942 g.
383 3871 495 3928 aceessi‘
515 3872 729 3942 agrammatiao
751 3872 813 3942 ipso
830 3871 897 3926 fieta
916 3889 974 3926 esse
994 3876 1092 3942 putet,
1121 3891 1178 3928 non
1195 3873 1350 3944 intellego).

257 3967 356 4023 Posset
380 3984 445 4022 sane
467 3967 527 4023 esse
547 3967 595 4036 qui
611 3968 701 4023 tribus
718 3967 761 4022 his
779 3968 847 4023 loeis
872 3969 930 4036 ‚ad
948 3967 1090 4025 Axium‘
1113 3970 1235 4025 seribere
1254 3968 1352 4024 mallet

254 4063 293 4133 (id
309 4063 383 4132 quod
401 4064 510 4134 Lipsius
529 4065 603 4135 apud
620 4064 752 4122 Senecam
771 4065 789 4120 l.
809 4083 832 4120 c,
850 4083 881 4120 re
899 4081 966 4120 uera
982 4065 1074 4135 teuit),
1101 4066 1151 4121 sed
1172 4085 1223 4138 ega
1251 4071 1283 4119 ut
1306 4066 1352 4120 uel

254 4176 309 4216 une
326 4161 373 4216 uel
390 4177 494 4231 paucae
512 4162 647 4232 epistulae
665 4161 866 4217 iuteruiderent
882 4161 990 4217 facilius
1008 4161 1069 4217 fieri
1086 4163 1211 4233 potuisse
1229 4167 1308 4234 puto.

324 4256 794 4329 wffifflmmfflm
