3040 4810
763 361 803 424 12

236 543 295 610 sed
322 542 378 608 toti
405 541 480 608 libri
511 543 670 629 quondam
698 542 952 631 diuulgarentur.
1006 545 1096 626 Quos
1129 547 1229 613 libros
1256 547 1332 613 'illas

237 652 386 738 epistulas
416 660 448 716 et
471 651 559 739 ipsas
587 652 746 737 quondam
776 653 969 720 continuisse
999 676 1070 720 oum
1113 655 1331 722 ratiocinando

235 761 457 826 demonstrare
476 783 655 847 possumus,
680 770 747 827 tum
766 763 931 850 praeclaro
950 762 1130 828 testimonio
1152 763 1239 828 idem
1264 763 1332 829 No·

236 869 308 935 nius
330 870 434 951 docet,
454 869 508 954 qui
527 878 574 934 tot
595 870 674 936 loeis
698 871 893 937 eOiceronis
918 872 1062 958 epistulis
1084 871 1196 938 adlatis
1213 872 1332 958 optime

238 978 279 1043 de
298 985 407 1042 nostra
429 999 539 1042 caussa
561 977 690 1044 meritus
713 988 770 1044 est.
815 977 880 1060 Qui
902 979 979 1046 inde
1000 1001 1019 1044 a
1039 1000 1070 1065 p.
1082 979 1144 1046 278
1164 982 1233 1046 ub
1252 981 1333 1047 baec

235 1086 346 1150 tradit:
380 1085 442 1167 ,M.
463 1084 587 1150 Tullius
610 1086 651 1151 ad
673 1086 817 1153 Cassium
837 1085 892 1152 lib.
914 1089 949 1154 I:
982 1087 1045 1152 iam
1075 1088 1238 1154 biennium
1271 1097 1328 1170 est,

237 1217 308 1261 aum
328 1193 436 1259 uirtuti
457 1194 603 1260 nuntium
621 1195 770 1261 remisisti
786 1196 945 1262 delenitus
966 1197 1127 1262 illecebris
1143 1197 1333 1284 uoluptatis*

238 1304 359 1370 eisdem
372 1303 491 1386 uerbis,
516 1325 597 1389 quae
614 1304 648 1368 in
670 1303 807 1391 epistula
827 1305 868 1370 ad
882 1304 1026 1370 Cassium
1039 1304 1135 1370 missa
1157 1303 1245 1393 (fam.
1259 1303 1333 1370 XV.

238 1414 288 1480 16.
310 1412 344 1498 3)
365 1412 503 1497 legimus
532 1412 674 1499 (praeter
697 1414 783 1500 quod
805 1413 858 1479 bic
879 1413 1032 1499 seriptum
1054 1423 1117 1479 est:
1152 1413 1333 1496 ‚biennium

238 1519 474 1587 auttriennium
495 1523 584 1608 esti).
627 1520 723 1586 Vnde
743 1521 887 1607 sequitur
906 1531 942 1586 ut
963 1521 1038 1586 illae
1061 1524 1103 1588 de
1127 1523 1240 1608 quibus
1262 1521 1330 1608 agi-

238 1654 307 1698 mus
329 1630 484 1717 epistulae
507 1640 560 1697 aut
587 1629 676 1717 prius
691 1631 805 1700 'editae
826 1631 860 1696 iu
881 1630 1052 1717 ampliores
1083 1651 1133 1716 ep.
1155 1633 1255 1698 libros
1283 1651 1333 1696 re-

239 1747 349 1826 ceptae
369 1740 432 1804 sint
452 1748 506 1804 aut
525 1739 553 1804 si
572 1739 715 1825 integros
737 1739 836 1806 libros
859 1747 932 1804 ante
944 1739 1203 1824 diuulgaserunt,
1226 1761 1269 1806 ex
1283 1739 1334 1806 his

237 1857 383 1935 sumptae
406 1847 439 1912 in
461 1856 584 1913 nostras
609 1847 780 1934 ,epistulas
801 1847 842 1912 ad
864 1845 1056 1912 familiares‘
1088 1848 1269 1914 transierint
1293 1887 1335 1897 —

237 1979 373 2044 quorum
393 1956 474 2022 illud
498 1956 696 2022 reiciendum
719 1964 775 2022 est.
828 1953 910 2022 Nem
933 1964 968 2019 ut
990 1955 1106 2021 detali
1128 1957 1335 2044 epistularum

237 2065 427 2152 repetitione
460 2068 555 2151 (quae
578 2065 605 2130 si
626 2064 826 2150 antiquorum
848 2063 1083 2130 consuetudinis
1103 2065 1259 2132 rationem
1279 2066 1334 2132 ha·

239 2176 352 2241 bemus
377 2175 450 2238 satis
472 2172 551 2238 mira
575 2174 666 2238 nobis
689 2172 866 2259 uidebitur)
889 2181 1010 2238 taceam
1032 2211 1073 2223 -
1092 2194 1226 2240 neeesse
1251 2184 1336 2242 esset

238 2303 438 2348 sumeremus
460 2281 628 2348 nonnullas
655 2279 820 2347 Ciceronis
843 2280 995 2367 epistulas
1017 2304 1081 2346 una
1111 2301 1182 2346 cnm
1207 2282 1276 2348 aliis
1300 2283 1333 2346 in

233 2399 337 2455 'unum
359 2412 474 2475 corpus
501 2389 680 2455 coniunctas
703 2389 802 2454 editas
825 2408 905 2470 esse,
930 2397 1041 2474 postea
1061 2398 1180 2456 ceteras
1203 2389 1247 2468 ad,
1264 2413 1333 2456 eos-

239 2499 315 2566 dem
335 2500 422 2566 uiros
445 2498 593 2585 scriptam
615 2498 714 2583 idque
735 2520 801 2564 non
823 2497 925 2564 semel
946 2497 1007 2565 sed
1027 2497 1192 2564 minimum
1215 2507 1265 2564 ter
1284 2523 1333 2566 ac·

240 2607 365 2674 cidisse.
418 2607 507 2688 Quid
536 2616 641 2674 autem
664 2607 750 2692 quod
772 2606 914 2672 sedecim
943 2606 1043 2673 libros
1066 2606 1273 2693 epistularum
1296 2609 1335 2673 ad

241 2717 313 2782 fam.
334 2716 368 2780 in
390 2717 553 2802 complura
583 2737 718 2801 corpora
740 2715 909 2801 seperatim
938 2715 1089 2800 quodque
1118 2716 1202 2781 edita
1231 2715 1334 2782 seiun-

240 2826 348 2912 genda
370 2845 442 2891 esse
468 2824 635 2889 uidimus?
685 2823 813 2912 Septies
847 2824 915 2910 (uel
944 2825 1037 2890 etiam
1065 2824 1178 2910 octies)
1214 2825 1334 2910 aliquot

242 2933 397 3021 epistulae
431 2933 527 2998 simul
554 2956 625 2999 eum
655 2933 724 2998 aliis
748 2931 932 3020 diuulgatae
953 2941 1075 3015 essent,
1095 2942 1207 3020 postea
1229 2933 1333 2999 denuo

240 3043 413 3108 nonnullae
448 3042 489 3106 ad
522 3043 654 3107 eosdem
678 3043 763 3108 uiros
786 3042 902 3108 missae
925 3066 988 3107 una
1018 3064 1089 3111 cum
1111 3041 1245 3106 aliorum
1269 3042 1334 3131 epi-

240 3152 340 3218 stulis.
393 3149 485 3232 Quae
507 3151 705 3221 edendorum
727 3150 918 3238 scriptorum
948 3151 1026 3216 ratio
1055 3155 1094 3218 ab
1119 3151 1204 3218 illius
1225 3152 1335 3218 aetatis

242 3259 471 3327 consuetudine
498 3281 629 3344 prorsus
653 3259 813 3326 abhorret.
871 3256 958 3339 Quid
978 3258 1087 3324 enim?
1121 3281 1176 3324 cur
1207 3259 1336 3326 andam

240 3369 343 3456 potuit
369 3367 395 3432 is
426 3367 480 3452 qui
504 3367 655 3454 epistulas
688 3367 729 3432 cd
757 3367 799 3434 M.
823 3364 992 3432 Claudium
1020 3366 1206 3434 Marcellum
1235 3366 1276 3433 Μ.
1298 3367 1336 3432 F.

243 3479 336 3564 (IIII.
360 3477 477 3562 7-11)
502 3475 688 3563 diuulgauit,
712 3475 878 3562 epistulam
900 3474 1011 3540 XV.9
1032 3475 1073 3540 ad
1099 3476 1237 3541 eundem
1261 3476 1336 3542 seri-

241 3596 327 3671 ptam
348 3607 414 3650 non
428 3594 459 3650 et
478 3585 580 3670 ipsam
604 3584 797 3670 diuulgare‘?
839 3583 907 3650 Gur
928 3583 982 3669 qni
1006 3583 1156 3668 epistulas
1180 3585 1219 3649 ad
1233 3583 1335 3650 Ther·

242 3718 329 3760 mum
351 3695 444 3760 XIII.
466 3693 604 3775 53-57)
635 3693 753 3776 edidit,
782 3693 870 3758 illam
902 3692 1006 3758 eidem
1034 3693 1164 3758 missam
1198 3695 1256 3780 (Π.
1281 3695 1332 3781 18)

243 3803 343 3869 edere
364 3823 427 3866 non
450 3799 578 3888 potuit?
622 3799 689 3865 Cur
719 3799 768 3864 cui
799 3806 944 3884 quattuor
977 3806 1007 3863 et
1036 3797 1150 3885 uiginti
1181 3799 1336 3887 epistulae

243 3909 408 3978 Ciceronis
433 3918 464 3976 et
482 3907 591 3974 Planci
612 3907 668 3996 (X.
690 3910 706 3972 l
726 3910 788 3994 sq.)
809 3907 994 3992 obtigerunt
1014 3909 1083 3974 sola
1103 3929 1154 3996 ep.
1177 3907 1271 3976 XIII.
1295 3907 1336 3974 29

242 4019 282 4084 ad
301 4019 441 4084 eundem
459 4017 612 4084 Plancum
635 4039 699 4082 raon
721 4017 862 4102 obtigit?
912 4017 1019 4102 Atque
1048 4017 1121 4084 talia
1152 4018 1259 4086 decies
1283 4015 1338 4084 uel

243 4127 395 4196 undecies
418 4129 499 4194 faeta
519 4149 591 4192 esse
613 4126 682 4212 quis
706 4135 754 4191 est
780 4126 832 4212 qui
865 4125 996 4193 eredat?
1046 4125 1114 4194 Sed
1150 4147 1337 4212 quamquam

244 4237 313 4303 talis
338 4235 536 4302 edendarum
558 4235 764 4321 epistularum
777 4234 857 4302 ratio
869 4233 1018 4300 reicietur
1038 4255 1103 4300 non
1123 4233 1228 4300 solum
1242 4253 1336 4320 opor·
