3040 4810
284 1409 359 1474 Tria
380 1409 422 1474 ad
443 1431 501 1474 nos
524 1417 742 1496 peruenerunt
761 1408 803 1474 M.
829 1407 915 1474 Tulli
947 1409 1112 1475 Ciceronis
1145 1409 1292 1496 epistula·

199 1543 271 1586 rum
301 1542 436 1606 corpora
449 1521 493 1605 ¹),
528 1541 661 1604 quorum
683 1519 821 1605 primum
844 1517 983 1584 continet
1011 1517 1158 1603 epistulas
1192 1519 1234 1584 ad
1256 1517 1293 1582 Τ.

201 1629 414 1714 Pomponium
436 1629 594 1712 Atticum,
616 1630 751 1694 alterum
780 1629 822 1694 ad
846 1626 1000 1708 Quintum
1020 1629 1149 1694 fratrem
1171 1628 1293 1710 missas,

202 1739 329 1804 tertium
351 1746 467 1820 autem,
491 1737 576 1823 quod
600 1737 751 1824 epistulas
773 1737 813 1802 ad
828 1736 996 1801 familiares
1019 1735 1127 1801 dicere
1142 1736 1293 1818 solemus,

202 1855 250 1912 est
270 1843 437 1929 cuvcpqu'
459 1846 544 1912 haud
568 1847 611 1910 ita
639 1845 786 1930 simplice
807 1845 930 1910 ratione
953 1845 1134 1930 composita.
1185 1843 1297 1908 Insunt

203 1954 286 2018 enim
310 1975 374 2018 non
395 1955 498 2018 solum
522 1976 599 2038 quas
622 1951 737 2019 Cicero
760 1954 800 2017 ad
821 1953 894 2040 plus
918 1953 1078 2039 octoginta
1102 1953 1186 2018 illius
1213 1959 1295 2018 aeta-

201 2066 240 2132 tis
259 2066 346 2130 uiros
371 2065 459 2132 dedit
482 2045 650 2151 epistulae,
673 2063 731 2128 sed
754 2064 847 2128 etiam
860 2085 942 2149 quae
962 2063 995 2128 hi
1009 2063 1070 2150 ipsi
1087 2065 1140 2129 uel
1162 2085 1294 2150 respon-

203 2176 320 2240 derunt
339 2174 395 2239 uel
416 2173 499 2240 ultro
521 2175 561 2238 ad
584 2175 675 2239 illum
698 2174 913 2260 scripserunt,
934 2183 970 2238 ut
990 2174 1052 2238 hoc
1075 2195 1200 2260 corpus,
1224 2197 1295 2239 cum

201 2282 406 2368 singulorum
427 2283 524 2348 modo
546 2283 693 2368 singulae
716 2283 868 2368 epistulae
893 2280 955 2346 sint
976 2283 1073 2346 modo
1100 2283 1201 2348 maior
1221 2283 1296 2349 scri·

202 2397 329 2476 ptorum
352 2389 452 2474 copia,
475 2390 594 2454 uariam
615 2389 757 2475 speciem
777 2391 943 2474 praebeat5
966 2389 1053 2453 unde
1076 2397 1208 2474 quantus
1230 2390 1297 2454 fue·

202 2498 243 2562 rit
261 2497 407 2562 uirorum
429 2519 592 2580 numerus,
616 2498 802 2584 quibuscum
818 2495 934 2564 Cicero
958 2499 1220 2564 consuetudinem
1242 2501 1295 2566 ha-

201 2606 289 2688 buit,
321 2605 489 2691 conligere
514 2607 598 2672 licet.
651 2606 733 2671 Tres
763 2629 872 2671 rursus
896 2607 966 2672 talis
999 2610 1141 2694 corporis
1170 2631 1295 2694 compo-

204 2718 305 2783 nendi
325 2727 497 2804 patuerunt
516 2717 597 2802 uiae,
622 2741 693 2784 cum
717 2719 879 2806 respicere
899 2729 1032 2806 possent
1052 2729 1106 2784 aut
1132 2721 1173 2786 od
1202 2743 1296 2807 ergu-

204 2836 310 2892 menta
332 2826 548 2911 epistularum,
570 2837 623 2892 aut
646 2829 686 2893 ad
699 2836 824 2914 tempus
838 2849 899 2913 quo
916 2849 1061 2914 quaeque
1074 2831 1191 2917 scripta
1205 2839 1297 2912 esset,

203 2944 256 3001 aut
283 2936 322 2999 ad
345 2957 454 3001 eorum
474 2936 620 3020 nomina,
644 2937 698 3021 qui
722 2936 871 3023 epistulas
895 2938 950 3002 uel
971 2938 1132 3003 misissent
1150 2939 1206 3003 uel
1225 2939 1298 3004 mis·

203 3067 253 3110 sas
276 3044 481 3132 accepissent.
532 3044 656 3126 Quibus
691 3067 733 3110 cx
754 3046 815 3110 uiis
839 3047 924 3132 quod
945 3055 1138 3132 postremam
1160 3047 1297 3134 ingressi

202 3162 276 3218 sunt
299 3153 456 3236 editores,
489 3164 563 3220 sunt
582 3155 635 3240 qui
654 3155 896 3244 stuperent2)‚
928 3156 962 3220 in
985 3177 1047 3240 quo
1072 3156 1165 3221 nimis
1185 3156 1295 3222 seueri

202 3261 299 3326 titisse
322 3262 398 3326 mihi
416 3262 576 3329 uidentur.
619 3262 704 3330 Sane
726 3265 753 3328 si
774 3264 808 3328 id
829 3264 1023 3348 uoluissent,
1047 3274 1082 3329 ut
1104 3287 1183 3350 quae
1206 3263 1298 3331 Cice-

202 3370 289 3436 ronis
312 3380 413 3436 aetate
433 3381 525 3458 gesta
546 3382 652 3440 essent
674 3373 816 3461 legendo
839 3375 978 3460 perspici
999 3383 1125 3465 posset,
1156 3376 1217 3440 hau
1241 3375 1297 3439 du-

203 3481 257 3546 bie
280 3489 425 3568 tempora
447 3482 561 3566 quibus
584 3481 731 3570 singulae
762 3483 916 3571 epistulae
945 3481 1081 3570 scriptae
1112 3493 1185 3548 sunt
1207 3483 1298 3566 sequi

204 3589 403 3672 debuissent3
426 3591 600 3658 sinautem
622 3615 660 3657 eo
682 3593 866 3676 tendebant,
889 3603 1008 3677 utque
1030 3593 1127 3663 modo
1147 3590 1297 3658 Ciceroni

200 3758 353 3768 ...h--u-a-u
364 3759 394 3768 m.-

275 3877 301 3945 1)
320 3873 437 3930 Missum
456 3875 529 3932 facio
547 3887 602 3949 perss
621 3883 710 3935 totam
729 3881 799 3936 hanc
821 3881 1053 3936 dissertationem
1081 3882 1181 3935 librum
1201 3883 1304 3952 epistu-

201 3971 291 4026 larum
309 3973 344 4026 sd
361 3973 492 4042 Brutum,
517 3975 619 4045 quippe
640 3993 707 4044 quas
723 3977 829 4047 spurias
848 3995 907 4031 esse
928 3981 1041 4047 putem3
1069 3993 1168 4046 easque
1187 3993 1220 4032 eo
1241 3995 1295 4031 ma·

200 4068 242 4137 gis
263 4069 392 4124 omittere
412 4069 494 4137 licet,
516 4073 605 4140 quod,
629 4076 761 4140 quantum
786 4075 822 4128 ad
841 4078 965 4128 nostram
983 4091 1042 4128 rem
1060 4073 1177 4141 attinet,
1196 4075 1298 4128 nullius

201 4167 334 4226 momenti
351 4170 424 4222 sunt.

272 4263 298 4332 2)
317 4263 456 4320 Manutius
474 4264 560 4334 praef.
580 4265 617 4318 ad
634 4265 682 4320 lib.
703 4265 782 4321 XIIII
799 4267 834 4322 ad
855 4267 929 4334 ism,
948 4267 1003 4322 alii.

1085 4365 1098 4416 1
1294 4366 1334 4400 A
