3040 4810
697 333 735 427 ai

171 553 245 620 talia
260 551 319 618 *bie
338 548 405 614 illie
426 547 555 634 quidem
566 525 712 612 accidere
736 545 867 625 soleant,
892 543 970 610 ordo
985 542 1120 608 totloeis
1139 549 1276 626 tamque:

171 659 317 747 grauiter
341 678 413 722 casu
444 675 605 738 nunquam
628 655 863 744 perturbatum*
886 673 991 736 neque
1023 650 1100 732 erit,
1116 649 1177 735 [qui
1200 648 1278 750 ⁰Pl³y
1306 651 1309 658 '
1341 703 1344 710 .

172 768 269 834 atulss
296 790 367 834 cum
386 765 525 852 primum
549 760 952 848 conligerenturinsuum
971 759 1101 845 quidem
1117 757 1288 834 ordinem

172 877 318 946 redactas
338 874 451 939 sedin
472 873 542 960 ipso
567 870 765 938 conficiendo
786 869 890 957 primo
913 866 1117 955 exemplari
1121 867 1267 933 confusas

173 1007 244 1052 esse
266 992 374 1070 putet,
405 1003 477 1052 eum
506 982 566 1046 hac
588 971 801 1066 explicatione
831 1001 898 1048 non
925 987 987 1042 tam
1011 985 1152 1048 caussam
1175 997 1268 1061 quam
1354 987 1356 992 '

173 1077 299 1179 tempus
323 1089 569 1177 perturbationis
592 1097 701 1153 mutet
751 1087 803 1152 Ne
833 1087 947 1152 multra
976 1094 1093 1150 tanturn
1117 1088 1214 1151 abest
1234 1093 1271 1150 ut

174 1203 330 1290 epistulae
354 1201 395 1266 ad
418 1199 557 1266 Atticam
581 1223 654 1266 cura
682 1200 834 1284 quadam
845 1209 876 1264 et
905 1220 1003 1308 opera
1037 1189 1176 1265 adbibita
1198 1197 1268 1264 dili-

176 1318 293 1396 genter
312 1309 344 1373 iu
372 1306 518 1372 ordinem
540 1305 688 1370 redactae
712 1305 791 1386 sint,
822 1314 857 1368 ut
880 1309 941 1390 quo
965 1305 1062 1371 modo
1082 1303 1140 1370 -ille
1163 1305 1269 1371 essin
1343 1297 1344 1304 ι

173 1418 299 1486 seriniis
322 1416 463 1482 conditas
487 1415 875 1502 seruatasquebabuisset,
900 1413 1050 1499 deinceps
1073 1413 1268 1490 sintdescn'·

174 1538 275 1617 ptae..
301 1526 368 1590 Iam
387 1527 476 1590 unde
497 1525 638 1598 uenerit,
673 1532 718 1590 ut
737 1523 891 1608 quaedam
915 1522 1070 1608 epistulae
1093 1523 1267 1588 seeundum
1343 1575 1345 1580 .

177 1637 273 1717 diem,
299 1657 361 1720 qno
383 1655 529 1724 quaeque
550 1633 667 1718 scripta
687 1641 748 1714 est,
783 1631 1014 1717 procederent,
1047 1631 1127 1696 aliae
1149 1631 1269 1698 ordinis

173 1744 306 1832 prorsus
329 1743 449 1808 nullam
472 1742 626 1808 rationem
646 1742 819 1822 haberent,
852 1740 1084 1828 perspicimus,
1109 1764 1179 1806 oum
1198 1735 1269 1806 illas

174 1857 325 1944 epistulas
347 1857 472 1922 Atticus
494 1866 661 1942 postquam
685 1878 738 1920 eas
761 1843 936 1940 accepisset
955 1855 1058 1920 statim
1080 1856 1173 1942 apud
1187 1855 1269 1921 oete·

174 1991 225 2034 ras
248 1966 442 2053 deposuerit,
466 1967 522 2030 bas
546 1965 656 2030 nescio
681 1986 743 2050 quo
766 1978 839 2030 casu
860 1965 1032 2052 impeditus
1054 1973 1195 2030 seruatas
1205 1979 1270 2030 'una

176 2099 247 2143 cum
269 2076 339 2142 aliis
362 2075 559 2155 condiderit,
589 2084 625 2139 ut
645 2073 736 2139 facile
760 2075 1033 2162 perturbarentur.
1082 2074 1176 2140 Haec
1193 2084 1271 2160 puto

176 2186 292 2252 serinia
317 2185 457 2250 Atticum
492 2183 629 2251 librariis
662 2183 842 2248 tradidisse.
896 2183 1006 2269 Itaque
1027 2205 1092 2273 non
1113 2188 1270 2269 gramma·-
1355 2263 1357 2268 Ι

175 2294 229 2360 tici
253 2293 404 2382 epistulas
430 2293 571 2358 edendas
594 2293 630 2357 in
652 2292 798 2358 ordinem
811 2293 1019 2378 redegerunt,
1043 2293 1102 2357 sed
1124 2283 1270 2367 biblio·

177 2403 302 2490 polae
322 2403 428 2490 potius
454 2425 525 2484 eas,
556 2410 625 2466 utut
647 2425 718 2467 casn
740 2423 776 2466 se
800 2401 1020 2488 excipiebant,
1043 2401 1270 2468 describendas

122 2511 136 2528 ‘
178 2519 380 2578 ourauernut.
434 2509 532 2592 Quod
561 2509 604 2574 ita
624 2509 722 2574 fuisse
745 2508 982 2590 Tunstallus⁴⁹l
1005 2510 1185 2592 confirmat,
1218 2510 1271 2597 qui

179 2617 336 2706 exemplis
357 2619 507 2706 epistulas
528 2637 594 2682 uon
616 2639 654 2682 eo
675 2618 788 2684 ordine
810 2631 882 2684 sese
906 2618 1056 2706 excipere
1078 2619 1271 2686 demonstra—

177 2731 233 2812 uit,
257 2751 319 2814 qno
339 2727 453 2796 Cicero
476 2750 527 2794 eas
550 2727 684 2814 scripsit,
709 2728 767 2795 sed
784 2750 845 2813 quo
858 2728 972 2794 Attico
985 2728 1118 2795 traditae
1139 2737 1221 2796 sunt
1230 2767 1273 2779 --

180 2834 267 2916 Quid
289 2845 410 2918 autem,
439 2837 467 2900 si
488 2857 530 2900 ne
552 2835 660 2901 Attico
683 2835 816 2920 quidem
834 2835 955 2930 homini
978 2837 1223 2903 accuratissimo
1243 2833 1274 2903 et

181 2944 437 3029 diligentissimo,
460 2966 522 3030 quo
546 2943 621 3034 uiuo
647 2965 720 3030 epp.
741 2944 781 3008 ad
799 2945 870 3008 Att.
894 2923 998 3013 adilae
1019 2947 1155 3033 sunt50),
1179 2969 1273 3029 curae

181 3051 259 3132 ruit,
285 3060 320 3115 ut
340 3052 415 3116 illae
440 3053 625 3138 epistulae
615 3076 650 3118 ιιι
676 3075 768 3118 suum
796 3052 943 3130 ordinem
967 3065 1274 3141 reponerentur——
1276 3117 1279 3123 ι

182 3158 232 3224 oui
260 3159 387 3223 tandem
410 3159 481 3226 talia
510 3161 599 3228 cordi
622 3160 721 3226 fuisse
749 3161 865 3250 putes?
908 3159 994 3226 Num
1018 3161 1159 3230 Caeliis?
1187 3187 1273 3242 mum

181 3266 401 3334 Curionibus?
424 3291 499 3334 num
520 3269 726 3336 Dolabellis‘?
768 3268 946 3335 Neminem·
961 3271 1015 3335 illo
1037 3263 1182 3359 tempore
1196 3273 1275 3338 'talia

179 3397 309 3442 curasse
331 3375 558 3463 intellegimus,
582 3378 817 3465 cumspistulas
840 3361 906 3444 non
922 3389 984 3460 tam
998 3380 1156 3463 historiae,
1181 3403 1274 3466 quam
1354 3438 1357 3446 ,

177 3485 356 3552 litterarum
386 3487 615 3573 hominumque
644 3489 750 3578 studio
786 3479 916 3575 impulsi
945 3487 1107 3576 legerent.
1163 3489 1274 3576 ltaque

180 3594 408 3679 epistulas,
429 3597 516 3661 unde
540 3617 613 3682 epp.
626 3597 665 3662 ad
688 3598 868 3687 familiares,
892 3621 974 3686 quas
990 3600 1132 3682 dicimus,
1155 3591 1274 3665 electae

177 3713 272 3786 sunt,
317 3713 355 3768 et
393 3704 508 3791 ipsas
542 3705 881 3798 bibliopolarum
920 3708 1274 3798 librariorumque

178 3834 275 3877 cura
297 3816 518 3896 contectas
542 3826 671 3903 atque·
687 3801 931 3906 diuulgatas
952 3837 1044 3883 esse
1066 3817 1274 3909 summoiure

179 3967 374 3979 -..ι-...-

247 4067 292 4138 49)
310 4066 440 4138 Epistola
461 4068 498 4124 ad
515 4067 635 4126 Middlet
622 4072 702 4139 ton(
692 4069 831 4139 G(a.ntabr
850 4067 917 4126 titt
904 4071 929 4142 1)
947 4087 994 4142 pg.
1005 4071 1046 4128 13.
1066 4088 1089 4126 e
1108 4087 1134 4142 q.
1154 4088 1175 4126 ι
1249 4103 1252 4109 ·

247 4164 294 4232 50)
314 4164 354 4219 cf.
373 4164 490 4234 Nepotis
509 4166 551 4220 uit
553 4181 584 4221 aa
539 4165 694 4222 ttAtiei
715 4165 756 4223 16.
775 4169 791 4223 3
808 4172 839 4221 et
856 4169 905 4235 19,
933 4183 1056 4238 quaeque
1074 4167 1147 4223 inira
1169 4169 1203 4225 de
1220 4145 1282 4226 lroe

174 4259 237 4315 loeo
256 4259 469 4331 disputabimus.
880 4299 882 4304 ,
