3040 4810
745 307 786 374 23

214 511 417 578 quaeremus,
426 512 519 576 quam
531 490 675 556 omnibus
688 490 847 576 eligendis
858 491 907 556 his
919 489 1061 578 epistulis
1073 491 1315 576 componendis·

216 623 280 686 qne
300 599 389 664 libris
406 598 576 666 adhibitam
592 621 663 665 esse
678 599 853 666 uideamus.
878 599 961 666 Nam
974 599 1155 686 quilibrum
1169 610 1314 686 quartum

222 709 381 774 decimum
393 718 425 774 et
436 717 562 774 sextum
579 709 737 774 decimum
755 717 995 795 congesserunt,
1011 731 1065 775 eos
1077 710 1139 800 hoo
1154 718 1314 804 spectasse

219 827 309 905 puto,
334 828 369 882 ut
394 817 503 902 quales
524 817 657 883 fuissent
673 816 837 884 Ciceronis
860 841 912 883 res
937 819 1128 892 domesticae
1149 819 1314 904 qualisque

219 921 251 992 'ei
273 949 342 993 cum
364 926 572 992 familiaribus
595 928 791 1007 consuetudo
811 936 884 992 ante
911 926 1020 992 oculos
1042 926 1133 992 nobis
1155 949 1313 1014 propone·

218 1045 297 1102 rent
340 1034 448 1116 Quinti
473 1035 587 1100 decimi
609 1058 687 1101 uero
708 1036 782 1102 libri
805 1035 948 1122 epistulis
971 1035 1012 1102 ad
1036 1034 1207 1118 Catonem,
1228 1036 1311 1104 Mar·

220 1145 327 1227 cellos,
352 1144 508 1226 Paullum,
533 1143 687 1227 Cassium,
710 1144 917 1226 Trebonium,
935 1143 988 1230 qui
1007 1145 1090 1208 inter
1111 1143 1197 1208 illius
1215 1166 1328 1230 gene-1

218 1254 262 1320 ris
286 1253 456 1318 familiares
489 1275 554 1318 non
578 1263 682 1336 erant,
710 1254 835 1342 scriptis
865 1291 907 1302 -
935 1253 1012 1339 quid
1041 1253 1091 1318 his
1123 1275 1195 1318 cum
1224 1254 1314 1320 illis?

218 1363 307 1445 Quid
329 1363 458 1428 undem
477 1363 538 1428 sibi
559 1363 671 1430 uolunt
689 1363 792 1451 prima
807 1363 947 1428 etaltera
965 1361 1058 1428 huius
1073 1361 1146 1427 libri
1169 1363 1312 1448 epistula,

219 1493 296 1558 quus
319 1472 433 1540 Cicero
463 1471 636 1558 proconsul
665 1471 705 1537 ad
740 1480 885 1536 senatum
915 1472 1180 1557 magistratusque
1204 1471 1313 1538 misit?

218 1581 337 1651 Sextus
363 1581 504 1646 decimus
529 1589 614 1646 certe
644 1580 726 1646 liber
759 1605 777 1646 a
809 1590 919 1666 quarto
955 1580 1098 1662 decimo,
1128 1581 1155 1646 si
1184 1579 1312 1665 quidem

217 1713 317 1756 unum
341 1710 456 1772 corpus
479 1697 543 1754 tres
565 1690 639 1756 libri
661 1689 850 1772 effecissent,
870 1689 977 1777 quinto
1002 1689 1125 1755 decimo
1147 1689 1312 1758 interiecto

222 1823 288 1866 non
314 1797 405 1864 'esset
431 1807 585 1864 secretus.
644 1798 756 1883 Itaque
785 1799 884 1863 libros
915 1797 1136 1870 XIH--XVL
1167 1808 1315 1884 quattuor

227 1930 361 1994 corpora
383 1927 452 1972 esse
475 1916 571 1994 puto,
594 1915 630 1972 ut
649 1907 676 1972 si
697 1907 834 1991 primum
857 1929 971 1993 corpus
993 1906 1114 1992 primos
1137 1906 1210 1974 illos
1234 1908 1313 1973 duo·

221 2017 328 2084 decim
351 2019 448 2108 libros
467 2016 687 2100 complectitur

301 2126 478 2213 primum
509 2127 659 2213 o'orpue
684 2122 901 2192 contineat
920 2123 991 2190 lib.
1012 2122 1184 2206 I-XII‚

938 2282 954 2314 „
1059 2232 1185 2314 XIII,

300 2234 528 2300 seeundum
569 2283 586 2318 „

299 2343 470 2410 tertium
571 2389 586 2420 ,
756 2281 772 2426 Ξ
941 2391 957 2424 ,
1037 2341 1184 2424 XIIII,

752 2499 768 2534 n

301 2462 491 2538 quartum
567 2501 582 2532 „
938 2499 954 2532 ,
1100 2450 1188 2532 XV,

299 2563 481 2648 quintum
566 2608 582 2642 „
751 2608 767 2641 „
936 2607 953 2642 „
1074 2559 1186 2630 XVI.

213 2668 329 2754 Neque
348 2691 428 2736 uero
454 2668 627 2734 diiudicare
647 2687 826 2754 possumus,
850 2676 955 2734 utrum
976 2669 1056 2734 haee
1071 2689 1214 2754 corpora,
1237 2689 1312 2754 quo-

214 2801 286 2844 rum
311 2778 468 2862 quaedam
490 2786 526 2842 ut
554 2777 723 2863 suppleant
742 2798 894 2862 magnum
920 2777 1001 2842 illud
1025 2786 1211 2864 excerptum
1242 2777 1312 2858 (lib,

215 2886 371 2972 I-XII.)
392 2887 471 2951 facta
496 2907 568 2950 esse
590 2884 751 2968 uidentur,
773 2907 834 2973 per
856 2908 892 2950 se
916 2886 1064 2972 quodque
1078 2909 1118 2950 au
1131 2909 1193 2950 una
1207 2885 1312 2950 omnia

217 2995 265 3060 illi
290 2995 434 3060 adiuncta
456 2995 526 3076 siut,
548 3017 654 3080 nequo
675 3005 780 3060 utrum
803 2995 855 3080 qui
878 2995 978 3062 libros
993 2993 1212 3062 XIII-XVI.
1238 3017 1310 3062 con·

219 3105 414 3190 scripserunt
435 3103 466 3167 in
487 3103 645 3189 eligendis
659 3104 801 3190 epistulis
820 3105 958 3190 primum
981 3127 1095 3192 corpus
1119 3105 1159 3169 ad
1183 3128 1311 3170 menum

218 3211 386 3276 habuerint
405 3221 498 3294 atque
528 3211 568 3276 ad
590 3212 653 3276 hoe
680 3211 785 3297 ipsum
805 3212 1024 3298 respexerint,
1048 3235 1087 3276 an
1109 3222 1222 3300 postea
1243 3214 1311 3277 fue-

216 3322 274 3402 rit,
307 3321 359 3406 qui
387 3321 527 3405 quinque
547 3342 682 3406 corpora
704 3320 736 3384 in
758 3343 855 3384 unum
882 3321 1057 3406 redigeret.
1111 3322 1310 3388 Alterutrum

215 3439 321 3496 autem
343 3432 459 3494 fantum
484 3450 554 3494 esse
581 3452 741 3494 sumamus
767 3438 912 3516 oportet,
946 3453 1016 3496 cum
1046 3430 1106 3495 nisi
1131 3430 1173 3496 ita
1199 3431 1311 3496 fuisset

215 3540 283 3604 sine
308 3539 406 3604 dubio
430 3561 526 3624 saepe
554 3538 686 3604 eaedem
708 3539 831 3604 litterae
853 3539 886 3602 in
908 3539 1123 3625 compluribus
1151 3540 1309 3626 excerptis

213 3647 446 3729 inuenirentur,
469 3647 556 3732 quod
576 3671 661 3712 nunc
683 3669 724 3712 ne
746 3650 846 3714 semol
869 3649 998 3734 quidem
1016 3649 1138 3714 accidit.
1172 3648 1252 3714 Item
1276 3650 1310 3714 iu

217 3756 310 3820 tertio
344 3755 467 3820 decimo
498 3755 580 3820 libro
612 3756 674 3819 hau
702 3778 821 3841 paucae
852 3755 1130 3824 comnueudaticiae
1155 3757 1309 3843 epistulae
1391 3841 1396 3854 Ι

216 3864 351 3930 omissae
374 3871 455 3946 sunt,
481 3885 557 3948 quas
582 3865 670 3929 libris
692 3865 829 3933 I—XH.
853 3869 986 3930 insertus
1009 3865 1158 3951 legimur.
1297 3949 1298 3952 Ἴ

297 3971 364 4038 lam
387 3982 536 4059 superest
555 3979 590 4043 ut
620 3997 695 4062 quo
725 3983 916 4061 tempore
945 3976 1024 4040 haec
1055 3986 1206 4063 excerpta
1229 3977 1309 4042 facta

215 4083 278 4149 sint
307 4105 512 4168 quaeramus3
546 4105 625 4168 quee
658 4064 826 4170 disputatio
855 4085 1015 4150 difficilior
1037 4095 1099 4170 est,
1131 4088 1308 4174 oumjper-

213 4213 315 4278 pauca
335 4200 456 4256 tantum
483 4192 673 4274 habeamus,
715 4193 828 4279 quibus
849 4194 985 4259 nitamur
1007 4194 1157 4279 undeque
1179 4193 1306 4280 profici-
