3040 4810
701 369 819 453 aa

171 576 270 660 igitur
299 581 370 638 utra
394 595 502 638 caussa
525 572 667 638 Atticum
692 575 906 640 commouerit
927 573 1043 638 audeat
1067 571 1271 637 diiudicare?

175 681 211 750 Si
234 680 324 767 prior
345 681 427 745 cirea
447 702 563 744 annum
590 679 819 762 lOCCXXIlI,
841 679 892 744 sin
913 679 1012 744 altera
1036 661 1180 765 quattuor
1201 679 1271 742 fere

173 775 264 855 annis
295 797 388 854 antea
411 787 561 872 epistulas
594 789 634 853 ad
656 789 797 854 Atticum
826 787 1005 873 diuulgatas
1039 809 1110 852 csse
1145 808 1271 851 sumen-

176 900 251 964 dum
274 907 330 963 est.

219 1006 286 1074 Sed
312 1007 389 1092 quid
412 1007 453 1071 de
475 1005 539 1070 illis
559 1006 649 1073 libris
664 1007 879 1089 πρωτοτόκοις
896 1016 1077 1089 statuamus,
1094 1006 1181 1071 unde
1206 1007 1271 1092 cpi-

176 1117 282 1182 stulae
304 1111 344 1180 acl
366 1117 440 1180 fam.
464 1115 585 1180 electae
606 1115 717 1180 suuti'
756 1117 866 1181 Vtrum
889 1115 1031 1198 bilibri,
1064 1137 1142 1202 quos
1162 1113 1272 1203 primi·

175 1225 288 1312 genios
313 1227 442 1290 breuius
456 1245 560 1310 quam
582 1227 697 1290 rectius
719 1225 797 1307 dixi,
819 1225 907 1312 prius
932 1245 1025 1308 quam
1047 1245 1121 1310 epp.
1145 1223 1186 1288 ad
1205 1224 1271 1287 Att.

177 1335 334 1420 diuulgati
357 1341 446 1416 sunt,
471 1356 511 1398 an
530 1334 667 1420 postea?
720 1332 818 1414 Quod
847 1333 874 1397 si
897 1333 1075 1420 quaerimus
1098 1331 1155 1398 uix
1178 1331 1270 1396 dubi-

176 1444 329 1526 tabimus,
363 1443 439 1529 quin
462 1442 586 1508 Atticus
612 1465 683 1508 oum
708 1441 905 1508 edendarum
932 1441 1098 1508 Ciceronis
1121 1441 1270 1528 epistula-

176 1577 246 1618 rum
271 1541 437 1618 oousiliu‘r'n
459 1553 595 1636 cepisset
613 1552 752 1638 primum
775 1550 925 1639 epistulas
944 1551 985 1616 ad
1008 1571 1043 1615 se
1064 1551 1170 1637 ipsum
1194 1551 1268 1615 mis·

176 1685 225 1726 sas
249 1662 284 1726 in
307 1661 469 1726 uolumina
479 1660 653 1746 redegerit,
676 1660 795 1747 quippe
819 1683 893 1746 quas
913 1660 955 1725 ad
975 1682 1104 1724 manum
1126 1659 1268 1724 haberet·

176 1767 258 1835 Cum
290 1777 394 1834 autem
427 1769 475 1833 his
506 1767 656 1854 perfectis
689 1768 744 1832 uel
767 1768 822 1832 tris
848 1761 905 1834 ¹uel
928 1767 1021 1832 etiam
1041 1765 1271 1856 plures'annos

174 1879 207 1942 in
228 1877 292 1942 uita
316 1877 460 1964 essert),
483 1877 556 1940 satis
576 1877 729 1962 temporis
752 1877 820 1959 fuit,
843 1898 905 1958 quo
927 1877 1099 1962 plerosque
1123 1875 1271 1962 epistula·
1299 1879 1300 1882 ’

175 2009 246 2052 rum
268 1986 366 2051 libros
379 1985 418 2070 ⁷⁵)
443 2007 513 2050 eum
536 2005 644 2050 earum
657 2007 733 2069 quas
746 1984 862 2050 electas
877 1985 1041 2067 habemus,
1064 1995 1131 2049 tum
1144 1985 1272 2050 illarum

176 2117 308 2180 quarum
329 2093 408 2158 nihil
431 2094 493 2158 nisi
516 2093 645 2159 nomina
668 2093 711 2158 eis
735 2073 887 2180 iuscripta
903 2095 943 2159 ad
965 2117 1022 2159 nos
1038 2105 1268 2182 peruenerunt,

177 2203 365 2288 conligeret,
389 2211 424 2267 ut
444 2202 536 2288 pauci
558 2211 678 2267 tantum
692 2202 766 2267 libri
789 2225 830 2266 ex
853 2203 988 2268 aliorum
1003 2203 1138 2268 officinis
1160 2213 1272 2288 postea

175 2311 353 2400 prodirent.
398 2311 509 2396 Itaque
529 2313 638 2394 paucis
661 2311 750 2375 annis
774 2321 827 2376 aut
848 2319 920 2374 anto
943 2310 1040 2376 Attici
1062 2320 1197 2376 mortem
1220 2301 1272 2377 aut

175 2430 249 2508 post
270 2421 337 2486 eius
363 2421 482 2488 obitum
507 2421 581 2485 libri
605 2419 781 2507 dequibus
805 2420 930 2505 agimus
951 2430 1025 2485 sunt
1047 2421 1133 2486 editi.
1178 2419 1270 2500 Quae

177 2554 247 2596 cum
270 2531 312 2594 ita
333 2529 396 2595 sint
415 2552 479 2596 nou
500 2529 634 2597 multum
658 2529 851 2610 errabimus,
883 2530 909 2592 si
933 2529 1158 2596 Ciceronis
1182 2531 1270 2616 opi-

175 2640 311 2704 stulas
341 2636 550 2704 decennio
579 2637 660 2703 illo
692 2637 802 2704 intra
829 2659 956 2705 anuos
983 2637 1202 2708 IOCCXV.
1233 2648 1272 2704 et

175 2745 428 2815 IOCCXXV.
450 2745 692 2832 diuulgatas
717 2769 807 2812 esse
829 2749 1002 2814 statuimus.

258 2855 348 2922 Haeo
368 2856 475 2938 habui,
500 2879 580 2942 quae
597 2857 638 2922 cle
658 2858 791 2940 ratione,
815 2879 874 2942 qua
884 2857 1048 2924 Ciceronis
1064 2859 1271 2944 epistularum

174 2965 247 3031 libri
279 2967 338 3030 orti
372 2971 495 3044 essent,
528 2965 723 3049 proferrem3
742 2974 851 3030 Jrestat
868 2954 988 3050 igitur,
1024 2989 1095 3031 cum
1126 2967 1201 3053 quid
1225 2966 1271 3032 eis

175 3074 275 3139 altero
299 3097 328 3160 p.
346 3071 405 3139 Ch.'
426 3095 457 3137 n.
481 3072 590 3138 seculo
616 3072 785 3138 accidisset
810 3073 873 3138 iam
893 3097 991 3160 supra
1012 3074 1269 3162 explicuerimus,

173 3192 208 3249 ut
231 3203 332 3270 quae
363 3205 501 3247 eorum
533 3191 575 3248 ot
605 3191 732 3249 antea
761 3193 801 3249 et
822 3193 970 3271 postea
1000 3188 1085 3250 fata
1107 3185 1272 3252 fuerint

173 3292 349 3358 uideamus.
394 3289 461 3360 Sed
486 3314 579 3377 quam
602 3314 704 3377 pauca
728 3315 769 3358 ex
790 3293 839 3358 his
863 3293 931 3359 fatis
947 3295 1073 3381 cognita
1096 3296 1269 3362 habemus!

172 3401 264 3470 Nihil
282 3403 426 3489 profacto
445 3402 574 3485 scimus,
597 3403 657 3468 nisi
680 3403 734 3490 qui
754 3403 875 3489 antiqui
896 3404 1067 3491 scriptores
1089 3406 1181 3472 nobis
1203 3428 1269 3472 ser·

174 3513 237 3576 uati
260 3533 419 3598 quemque
433 3511 597 3580 Ciceronis
619 3512 827 3600 epistularum
850 3513 967 3579 librum
988 3535 1054 3580 non
1076 3524 1138 3580 tam
1159 3523 1268 3581 tracta-

174 3620 287 3703 uerint,
313 3641 406 3705 quam
428 3643 463 3686 sa
488 3628 640 3687 tractasse
659 3621 720 3710 ipsi
743 3625 922 3689 fateantur.¹
950 3623 1061 3709 Itaque
1080 3623 1160 3691 haec
1182 3624 1269 3690 testi·
1323 3695 1326 3703 ,

243 3907 286 3978 74)
303 3907 379 3963 Nihil
396 3906 470 3961 enim
493 3906 548 3961 nisi
574 3907 706 3978 epistulas
735 3909 771 3962 ad
791 3908 850 3964 Ast.
875 3926 900 3964 a.
921 3907 1268 3966 roocxvm1.iameon-
1301 3957 1310 3977 „

172 4005 259 4058 lectas
277 4003 390 4058 luisse
408 4003 517 4058 seimus.
1047 4011 1048 4018 ’

241 4099 286 4169 75)
301 4097 395 4170 Nepos
412 4099 518 4154 uerbis:
543 4117 601 4168 ‚eos
618 4101 715 4156 libros‘
734 4119 758 4156 e.
776 4120 801 4172 q.
821 4121 843 4156 a.
871 4103 899 4173 (l.
919 4104 1078 4158 commiti.
1099 4103 1126 4174 3)
1151 4121 1208 4158 non
1232 4105 1267 4158 ad

171 4197 222 4252 hos
238 4195 420 4268 epistularum
437 4197 524 4252 libros
542 4197 677 4268 respexit,
697 4198 746 4253 sed
766 4198 903 4270 cogitauit
921 4199 956 4254 de
968 4199 1065 4268 Bruto,
1084 4199 1189 4268 Laelio,
1207 4200 1268 4254 aliis

175 4293 217 4361 (ol.
237 4292 344 4348 Orator.
363 4294 406 4350 34.
425 4294 487 4362 120,
506 4294 540 4348 de
558 4293 634 4349 finib.
653 4292 686 4349 V.
708 4296 732 4350 1.
752 4297 777 4364 1,
795 4298 820 4351 2.
842 4295 866 4351 4.
885 4296 941 4366 ab).
