3040 4810
773 365 814 429 28

247 549 454 616 adfirmemus
478 569 539 614 nec
561 570 616 612 cur
637 568 794 632 negemus
808 583 850 596 --
863 547 1041 614 studiorum
1055 557 1140 614 certe
1152 548 1235 624 uiam
1250 556 1343 633 atque

247 659 402 725 rationem
423 657 499 722 inde
519 657 595 722 licet
614 656 809 744 perspicere.

331 782 398 852 Sed
419 783 500 847 hacc
520 782 683 847 hactenus.
725 781 839 866 Neque
866 781 949 846 enim
973 781 1147 846 accuratius
1175 801 1238 866 quo
1265 790 1343 846 tem·

247 915 328 978 pore
352 901 504 978 excerpta
527 892 669 957 confecta
691 891 753 956 sint
778 891 949 955 enucleare
973 911 1160 978 possumus,
1183 912 1244 956 nec
1266 911 1342 976 quo-

247 1023 320 1066 nam
347 1008 500 1086 excerpto
524 999 674 1084 quodque
698 1021 812 1085 corpus
834 999 874 1062 sit
891 999 999 1084 prius,
1024 1021 1085 1084 que
1111 998 1271 1084 posterius
1293 1021 1343 1065 or·

247 1118 314 1172 tum
336 1129 395 1194 pro
422 1116 507 1172 certo
527 1107 715 1193 inuestigcs.
763 1105 964 1192 Quamquam
978 1107 1063 1192 quod
1084 1106 1182 1172 libros
1207 1128 1279 1194 epp.
1303 1107 1345 1170 ad

250 1218 323 1282 fam.
346 1214 479 1280 I-XII.
503 1217 641 1282 continet
662 1239 777 1304 corpus
802 1216 906 1303 primo
929 1214 1136 1302 compositum
1160 1237 1246 1297 esse,
1273 1214 1345 1282 ueri

247 1325 440 1391 simillimum
464 1335 527 1406 cst,
550 1334 585 1390 ut
606 1345 678 1390 cum
698 1336 802 1391 cetera
824 1332 977 1409 excerpta
996 1333 1031 1387 ut
1051 1323 1241 1408 supplerent
1261 1321 1343 1386 illud

248 1437 328 1500 facta
352 1434 422 1516 sint,
446 1445 512 1499 tum
536 1435 661 1520 quintus
675 1436 817 1502 decimus
832 1434 925 1515 liber,
951 1433 1040 1499 cuius
1055 1432 1206 1519 epistulas
1230 1433 1344 1496 eadem

247 1553 436 1630 argumenta
455 1552 590 1609 tractare
612 1567 709 1632 supra
730 1545 879 1610 uidimus.
912 1541 1084 1608 Praeterea
1100 1562 1183 1624 euin,
1207 1540 1260 1626 qui
1282 1551 1344 1606 ter-

247 1653 324 1718 tium
347 1653 505 1718 decimum
526 1653 644 1718 librum
669 1653 839 1739 congessit,
861 1652 960 1720 libros
973 1649 1104 1716 I-XIL
1120 1651 1279 1734 conlectos
1303 1649 1345 1714 ad

247 1783 360 1826 manus
382 1761 443 1825 iam
465 1761 616 1827 habuisse
643 1762 719 1826 inde
749 1764 883 1826 fortasse
907 1760 1100 1826 concludere
1130 1759 1222 1841 licet,
1257 1757 1345 1843 quod

253 1870 306 1956 qui
328 1869 455 1956 singulo
478 1891 613 1958 corpora
635 1869 669 1934 in
689 1891 785 1934 unum
803 1869 975 1952 coniunxit,
998 1869 1060 1934 nisi
1081 1869 1143 1934 hoc
1164 1868 1207 1932 ita
1220 1867 1341 1951 fuisset,

247 1998 358 2044 omnes
379 1977 484 2064 potius
508 1977 657 2064 epistulas
681 1977 956 2044 commendaticias
978 1978 1051 2044 huic
1074 1977 1158 2044 libro
1181 1975 1346 2042 tribuisset

246 2096 351 2174 atque,
374 2087 401 2152 si
425 2109 506 2172 quae
528 2089 562 2152 in
577 2086 665 2153 libris
679 2086 810 2152 I-Xll.
821 2089 977 2175 repetitae
987 2087 1028 2175 ⁴⁴)
1050 2087 1201 2153 inuentae
1224 2095 1341 2168 essent,

249 2217 291 2262 ex
311 2195 360 2261 his
382 2195 458 2282 ipsis
483 2218 535 2262 eas
558 2197 746 2263 sustulisset.

247 2385 445 2395 ——--—-—-——-

251 2523 360 2582 caronis
378 2523 506 2596 epistulis
524 2539 557 2580 ea
577 2524 736 2593 dumtaxat,
764 2523 864 2594 quibua
888 2524 993 2580 inesset
1016 2525 1108 2596 aliqua
1133 2525 1168 2581 de
1187 2523 1347 2595 eloquentia

247 2621 293 2678 uel
311 2620 487 2692 philosophia
504 2621 550 2676 uel
570 2621 604 2676 de
621 2637 652 2676 re
670 2639 698 2692 p.
718 2620 885 2692 disputatio;
911 2625 1058 2694 praeterea
1084 2621 1107 2678 si
1133 2619 1200 2692 quid
1224 2621 1348 2692 eleganti

246 2721 295 2774 aut
311 2719 398 2772 uerbo
417 2717 535 2772 notabili
553 2717 659 2774 dictum
676 2717 828 2786 uideretur,
848 2718 985 2789 excerpsi.
1021 2717 1097 2786 Quae
1113 2718 1143 2774 in
1160 2735 1212 2773 usu
1227 2734 1290 2774 meo
1308 2717 1344 2773 ad

245 2829 358 2869 manum
375 2817 456 2869 erant
473 2817 612 2884 excerpta,
629 2813 693 2868 misi
705 2799 765 2869 tibi.
786 2813 853 2869 Tres
871 2814 966 2884 libros,
985 2813 1054 2869 duos
1070 2813 1106 2868 ad
1117 2814 1242 2882 Brutum,
1261 2831 1347 2870 unum

249 2910 285 2965 ad
302 2910 405 2966 Axium
430 2909 551 2966 describi
568 2909 692 2978 iubebis,
718 2911 742 2965 si
765 2910 832 2980 quid
854 2910 896 2965 rei
918 2927 978 2966 esse
1002 2910 1144 2966 uidebitur
1168 2914 1198 2965 et
1220 2909 1346 2966 remittes

248 3006 332 3062 mihi:
351 3024 416 3061 nam
433 3007 603 3078 exemplares
624 3023 719 3063 eorum
738 3011 935 3078 excerptorum
949 3006 1040 3061 nullos
1051 3005 1113 3064 feci.
1134 3005 1234 3061 Omnes
1253 3009 1347 3061 autem

247 3101 390 3157 Ciceronis
410 3102 542 3174 epistulas
564 3103 699 3180 legendas
719 3121 817 3159 censeo
837 3119 899 3158 mea
918 3104 1056 3158 sententia
1079 3105 1125 3159 uel
1148 3104 1236 3174 magis
1262 3119 1345 3173 quam

248 3215 342 3254 omnes
358 3199 418 3254 eiua
436 3200 584 3254 orationes.
616 3199 752 3271 Epistulia
767 3200 908 3256 Ciceronis
928 3199 998 3254 nihil
1015 3203 1058 3255 est
1072 3200 1241 3282 perfectius}
1277 3199 1346 3255 Cum
1382 3203 1387 3211 “

246 3294 419 3352 Frontonem
435 3296 560 3366 integras
578 3295 729 3367 epistulas,
749 3313 840 3366 neque
857 3314 925 3352 uero
943 3295 1053 3368 singuh
1070 3297 1213 3352 enuntiata
1232 3297 1348 3368 elegisse

248 3409 312 3448 oum
329 3409 375 3448 ιιιι.
412 3391 490 3460 ,Tres
506 3393 592 3448 libros
611 3435 618 3448 .
638 3431 644 3446 .
665 3433 671 3444 .
690 3391 810 3461 Axium,
828 3397 889 3446 tum
905 3393 986 3448 haec:
1005 3390 1115 3464 ,Omnes
1134 3396 1227 3448 autem
1237 3393 1345 3452 Cicero·

248 3489 291 3546 nis
311 3489 443 3560 epistulas
462 3506 486 3544 a.
495 3506 521 3558 q.
529 3491 559 3544 s.‘
579 3490 646 3545 satis
666 3491 786 3546 doceant
798 3488 967 3560 (scripsisset
977 3489 1113 3560 profecto,
1134 3489 1159 3544 si
1176 3489 1348 3546 contrarium

246 3585 381 3641 uoluisset
398 3602 454 3640 non
479 3587 602 3656 ‚omnes‘,
622 3586 671 3642 sed
689 3586 735 3640 uel
752 3587 854 3654 ‚totas‘‚
879 3587 925 3640 uel
949 3585 1100 3656 ,integre-r)
1125 3603 1168 3654 ,ne
1187 3602 1257 3656 quae
1279 3585 1347 3640 insit

247 3681 343 3737 uerbis
369 3680 536 3752 ambiguitas
561 3684 629 3752 puto
653 3681 831 3737 scribendum
858 3699 930 3736 esse:
959 3699 1003 3749 ,ex
1026 3680 1054 3736 C.
1079 3681 1204 3753 epistulis
1232 3697 1287 3736 eas
1309 3681 1347 3736 d.‘

248 3777 306 3833 VV.
327 3781 420 3832 autem
438 3795 509 3847 quae
529 3782 605 3832 sunt:
632 3783 786 3849 ,praeterea
811 3779 835 3834 si
861 3779 928 3850 quid
945 3796 968 3834 e.
988 3796 1013 3848 q.
1033 3781 1063 3833 s.‘
1090 3778 1119 3834 in
1144 3777 1217 3834 huna
1235 3777 1347 3832 modum

249 3877 453 3946 interpretare:
478 3879 625 3945 praetcrea
649 3876 673 3930 si
697 3875 764 3945 quid
787 3876 817 3930 in
844 3876 936 3946 aliqua
959 3876 1079 3946 epistula
1097 3876 1166 3947 eleg.
1184 3892 1208 3929 a.
1227 3893 1254 3930 u.
1273 3892 1301 3929 n.
1321 3874 1348 3928 d.

249 3971 307 4028 uid.
327 3989 387 4028 eam
407 3971 555 4042 epistulam
572 3974 673 4044 recepi.
701 4002 735 4014 -
761 3972 890 4028 Ceterum
907 3973 955 4027 illa
973 3976 1065 4028 aetate
1084 3971 1193 4043 saepius
1216 3973 1347 4045 epistulas

250 4069 354 4123 electas
372 4072 456 4138 atque
473 4069 503 4123 in
520 4069 682 4139 angustiora
700 4085 817 4140 corpora
833 4069 962 4124 redactas
981 4085 1040 4124 esse
1053 4068 1129 4124 idem
1141 4067 1247 4124 Fronto
1265 4069 1302 4124 ib.
1310 4067 1346 4122 11.

248 4165 274 4224 4.
293 4169 363 4220 extr.
383 4164 473 4220 docet.

318 4281 364 4350 44)
381 4279 669 4338 Animaduertcndum
685 4281 759 4336 enim
776 4284 819 4337 est
835 4281 910 4337 inter
927 4281 989 4336 illas
1006 4281 1142 4337 librorum
1158 4280 1266 4336 I—XII.
1289 4283 1345 4353 epi-
