3040 4810
702 343 743 406 35

175 530 299 594 Atticus
321 528 433 593 ceteris
455 526 554 592 multo
567 525 687 591 facilius
709 525 859 612 epistulas
880 532 925 588 tot
949 523 1025 588 uiris
1037 525 1079 604 68)
1103 523 1213 588 missas
1242 525 1274 588 in

176 661 274 702 unum
296 657 481 726 congerere
501 643 620 722 posset.
990 705 996 722 .

220 745 255 812 Si
282 744 381 830 igitur
404 743 445 808 M.
469 741 555 806 Tulli
579 742 733 828 epistulae
762 745 800 807 ab
824 743 894 827 ipso
917 739 1024 806 Attico
1047 739 1208 806 conlectae
1233 762 1273 804 ex

178 855 246 920 cius
268 853 395 917 officina
416 851 577 936 prodiere,
601 849 677 915 inde
694 849 848 914 iudicium
880 850 928 914 de
950 859 1155 935 tempore,
1190 871 1271 934 quo

179 963 303 1030 diuul
312 973 436 1047 gatae
458 968 600 1026 essent
621 962 727 1040 faeere
748 981 935 1044 possemns3
958 959 1016 1023 sed
1032 958 1117 1023 felici
1135 958 1273 1044 quodam

180 1095 253 1137 casu
276 1072 407 1157 grauius
432 1069 649 1136 testimonium
670 1069 823 1136 habemus
836 1118 845 1149 ,
881 1091 943 1154 quo
974 1069 1001 1132 si
1028 1068 1146 1133 utimur
1166 1068 1275 1156 paullo

177 1181 352 1248 accuratius
374 1203 437 1266 qno
456 1186 601 1264 tempore
623 1179 787 1245 conlectae
815 1178 877 1243 sint
910 1177 1064 1264 epistulae
1085 1175 1275 1244 uidebimus.

176 1289 391 1376 Epistularum
422 1288 506 1354 enim
537 1289 578 1352 ad
608 1288 749 1354 Atticum
780 1286 948 1352 missarum
978 1286 1177 1372 exemplaria
1206 1308 1268 1373 quo

177 1411 322 1486 tempore
344 1397 514 1466 Cornelius
536 1396 646 1483 Nepos
679 1395 901 1484 duodeuiginti
931 1397 1033 1483 prima
1064 1397 1164 1482 capita
1190 1395 1274 1461 uitae

178 1508 277 1575 Attici
300 1505 477 1592 composuit
506 1506 567 1570 iam
599 1505 758 1570 exstitisse
786 1505 838 1570 hic
865 1505 935 1591 ipse
955 1505 977 1570 l.
1000 1527 1112 1570 comm.
1136 1529 1163 1571 c.
1182 1504 1273 1570 XVI.

178 1622 206 1701 ξ.
230 1619 259 1682 3.
283 1624 396 1696 narrat,
420 1615 475 1682 ubi
498 1617 540 1680 de
562 1615 796 1694 familiaritate,
822 1635 903 1698 quae
925 1613 1008 1679 inter
1030 1613 1218 1680 Ciceronem
1245 1625 1276 1680 et

180 1727 322 1792 Atticum
347 1735 428 1804 erat,
454 1727 594 1789 loeutus:
623 1723 674 1806 ‚lli
698 1724 758 1789 rei‘
784 1723 886 1809 inquit
905 1733 991 1806 ‚sunt
1010 1723 1127 1789 indicio
1147 1733 1275 1811 praeter

178 1857 232 1899 eos
254 1834 371 1914 libros,
405 1833 438 1896 in
460 1832 573 1918 quibus
603 1831 643 1896 de
665 1854 703 1896 eo
728 1830 799 1896 facit
820 1832 1032 1914 mentionem,
1067 1832 1120 1918 qui
1148 1832 1181 1896 in
1202 1833 1271 1920 uul-

178 1967 240 2032 gus
254 1945 296 2028 ⁶⁰)
320 1951 393 2008 sunt
415 1942 500 2025 editi,
524 1940 666 2006 sedecim
680 1941 719 2028 ⁷⁰)
740 1940 903 2006 uolumina
915 1941 1120 2028 epistularum
1141 1943 1180 2006 ab
1201 1964 1274 2007 con-

179 2055 283 2118 sulatu
303 2053 370 2118 eius
392 2073 493 2136 usque
517 2050 557 2115 ad
580 2059 759 2115 extremum
781 2059 906 2137 tempus
937 2050 977 2115 ad
1004 2051 1144 2116 Atticum
1166 2050 1274 2116 missa-

176 2186 255 2228 rum.
301 2161 393 2243 Quae
416 2161 468 2246 qui
490 2162 579 2248 legat
595 2183 659 2224 non
681 2160 813 2224 multum
840 2160 1002 2224 desideret
1020 2159 1184 2224 historiam
1199 2183 1271 2226 con-

177 2282 296 2338 textam
323 2293 434 2336 eorum
455 2274 658 2356 temporum!
700 2269 763 2334 Vbi
785 2269 884 2355 igitur
907 2269 1075 2334 Cornelius
1098 2271 1178 2335 haee
1198 2271 1274 2336 seri·

179 2385 271 2448 beret
296 2379 446 2467 epistulas
467 2379 508 2442 ad
529 2378 670 2444 Atticum
694 2379 836 2442 nondum
858 2379 918 2460 ita,
945 2388 979 2443 ut
1001 2378 1134 2463 quilibet
1156 2403 1208 2445 eas
1231 2380 1273 2444 le-

177 2513 257 2577 gere
280 2499 398 2575 posset,
420 2488 602 2578 diuulgatas
623 2488 741 2569 fuisse,
774 2510 855 2573 quae
876 2489 925 2552 his
948 2488 1089 2572 epistulis
1113 2511 1131 2552 e
1154 2497 1275 2553 eontra-

176 2600 224 2666 rio
245 2599 349 2684 posita
372 2607 448 2664 sunt
467 2599 583 2663 docent
595 2597 710 2663 haece:
733 2598 818 2678 ,libri
841 2648 848 2662 .
872 2649 878 2662 .
904 2647 911 2662 .
935 2597 1043 2682 quiin
1062 2597 1180 2684 uulgus
1202 2608 1275 2662 sunt

177 2707 276 2774 editi‘.
319 2707 429 2792 ltaque
451 2704 673 2793 -Nepotem
695 2706 780 2772 enim
804 2730 857 2772 cas
879 2706 941 2772 iam
959 2706 1100 2793 cognitas
1123 2707 1272 2774 habuisse

176 2816 323 2881 uidemus
345 2855 387 2866 -
410 2816 571 2882 conlectae
586 2817 714 2903 quidem
734 2818 889 2905 epistulae
911 2817 951 2881 ad
963 2817 1104 2882 Atticum
1122 2817 1180 2881 illo
1195 2826 1271 2882 tem-

179 2947 259 3011 pore
280 2925 340 2989 iam
364 2936 462 3007 erant,
485 2949 545 2990 nce
564 2948 643 2990 uero
657 2927 716 2990 nisi
730 2949 833 3012 pauca
854 2948 961 2991 earum
978 2925 1175 3010 exemplaria
1199 2949 1271 2991 con-

177 3033 302 3118 scripta,
328 3056 407 3118 quae
418 3036 540 3101 Atticus
563 3058 703 3122 prorsus.
720 3058 761 3099 ex
783 3056 872 3098 more
897 3057 968 3098 eum
982 3034 1183 3118 antiquorum
1205 3033 1276 3100 tum⁴

176 3140 277 3226 ipsius
291 3140 330 3228 ⁷¹)
354 3143 460 3208 amieis
482 3145 557 3222 suis,
580 3145 664 3209 inter
686 3143 944 3230 quosOornelius
967 3143 1090 3228 etipse
1116 3154 1192 3227 erat,
1216 3144 1272 3209 mi-

180 3357 375 3366 *a-——ss-

244 3489 289 3559 68)
307 3489 379 3543 Hinc
402 3491 511 3542 tantum
532 3487 719 3558 intellegimus
742 3489 815 3543 unde
834 3487 962 3554 uenerit,
993 3493 1024 3542 ut
1044 3488 1109 3543 Tiro
1128 3487 1268 3544 Ciceronis

177 3586 257 3640 adse
276 3585 395 3654 scriptas
413 3584 546 3655 epistulas
563 3601 620 3640 non
637 3603 693 3639 una
710 3604 774 3640 eum
792 3585 848 3640 suis
866 3583 953 3655 ipsius
967 3584 1072 3653 ederet,
1091 3585 1140 3640 sed
1151 3583 1271 3638 librariis

174 3681 308 3750 traderet,
327 3698 390 3737 cum
408 3679 506 3736 intimo
524 3681 627 3737 mortui
645 3682 858 3754 dominiamieo‚
876 3700 995 3753 quocum
1011 3683 1071 3753 ipse
1090 3701 1141 3738 usu
1159 3683 1271 3737 coniun-

177 3781 236 3832 ctus
257 3783 345 3846 esset,
368 3781 401 3831 ut
424 3777 487 3832 illas
513 3794 621 3848 quoque
648 3777 731 3832 adse
750 3778 980 3850 datasepistulao
1008 3779 1135 3834 mitteret
1166 3779 1272 3850 petenti

172 3891 229 3928 non
246 3873 434 3944 haberetque
453 3873 535 3928 modo
556 3878 706 3930 recusaret.

191 3991 196 3996 ·
244 3972 288 4040 69)
309 3971 341 4025 ln
356 3970 498 4024 nonnullis
517 3971 596 4027 codd,
616 3971 750 4043 scriptum
771 3975 826 4026 est:
846 3973 946 4044 uulgus
965 3973 1030 4026 iam
1047 3959 1119 4027 sunt.

243 4065 288 4135 70)
306 4065 406 4121 (lodda
428 4067 583 4135 ,undecim‘‚
600 4069 675 4140 quod
692 4069 721 4122 in
734 4066 872 4135 ,sedecim‘
892 4087 955 4124 cum
975 4069 1049 4124 aldo
1067 4069 1268 4140 conrigendum

174 4179 234 4216 esse
256 4179 340 4232 supra
357 4162 486 4218 uidimus.

243 4259 287 4329 m)
305 4255 350 4312 Ad
367 4259 427 4315 Aa.
444 4260 518 4315 xm.
536 4263 578 4318 37.
599 4264 629 4318 3:
654 4261 725 4316 Eam
743 4261 814 4330 (scil.
835 4261 975 4319 Ciceronis
995 4264 1183 4320 laudationem
1201 4265 1267 4319 Por-
