3040 4810
768 357 789 420 2

235 563 305 605 cum
326 539 460 626 singulis
482 538 558 603 uiris
572 512 633 602 ⁴res
656 538 806 622 fuissent„
819 541 1020 622 uideremus,
1045 541 1187 606 eiusdem
1210 541 1326 628 epistu-

233 649 279 713 las
304 670 365 735 per
385 656 484 714 totum
500 669 615 732 eorpus
637 647 827 735 dispergere
850 670 914 713 non
933 649 1037 730 licuit3
1061 671 1152 736 quam
1170 650 1256 715 uiam
1275 671 1326 714 eo·

234 757 307 822 dem
329 758 472 842 profecto
493 755 582 837 iure,
612 779 654 821 ne
677 757 779 822 dicam
801 758 921 823 maiore
945 757 1037 822 etiam
1064 757 1136 822 illos
1158 757 1255 822 inisse
1278 758 1324 822 in·
1434 781 1435 786 ¹

231 864 423 951 tellegimus,
444 867 633 953 praesertim
652 866 678 929 si
704 867 779 951 quid
805 868 967 932 noluerint
985 867 1070 932 illius
1092 869 1200 932 aetatis
1224 865 1325 931 homi·

230 997 287 1040 nes
317 984 510 1062 reputamus.
561 974 645 1038 Illud
674 997 753 1041 uero
784 976 1063 1042 uehementissime
1081 977 1326 1062 uituperandum

233 1107 303 1150 esse
328 1086 469 1172 adparet,
494 1085 579 1169 quod
595 1084 741 1170 singulae
755 1087 920 1173 epistulae,
944 1108 1025 1172 quae
1041 1086 1215 1151 eorundem
1240 1095 1323 1168 sunt,

230 1203 375 1280 tempora
403 1195 597 1280 neglegunt,
631 1203 666 1259 ut
695 1196 884 1281 plerumque
914 1195 1044 1280 quidem
1077 1194 1221 1259 eiusdem
1253 1192 1325 1259 anni

233 1303 387 1387 epistulae
409 1303 507 1367 altera
529 1303 660 1367 alteram
682 1303 852 1390 excipiant,
877 1303 935 1367 sed
955 1305 1007 1386 ita,
1030 1312 1066 1367 ut
1081 1302 1238 1367 mensium
1261 1303 1326 1366 die·

231 1425 516 1499 rumquc‘prorsns
538 1413 657 1478 nullam
680 1413 832 1478 rationem
844 1413 991 1478 habeant.
1034 1412 1122 1493 Quid
1143 1411 1229 1497 quod
1246 1434 1325 1476 non·

231 1543 402 1606 numquam
424 1522 546 1603 accidit,
571 1517 606 1586 ut
625 1522 680 1586 uel
703 1521 764 1585 hae
785 1519 841 1586 uel
861 1521 934 1586 illae
955 1521 1078 1585 litterae
1100 1518 1149 1584 sui
1167 1520 1239 1584 anni
1258 1521 1323 1603 epi-

231 1628 329 1694 stulas
352 1630 569 1715 relinquentes
590 1629 624 1692 in
647 1629 713 1694 eius
741 1629 793 1714 qni
816 1631 870 1694 uel
891 1627 1049 1706 antecedit
1068 1629 1124 1693 nel
1145 1628 1324 1713 sequiturt)

230 1739 303 1804 anni
325 1738 442 1804 seriem
462 1739 641 1804 transirent.
683 1737 764 1802 Inde
789 1737 933 1820 illarum,
966 1747 1002 1802 ut
1030 1737 1215 1821 exemplum
1236 1737 1322 1803 adfe-

195 1893 199 1900 -
231 1869 316 1929 ram,
354 1856 530 1932 quaesunt
553 1845 718 1913 Ciceronis
743 1845 786 1912 et'
801 1847 890 1911 Bruti
914 1847 967 1933 (ad
989 1848 1061 1912 fam.
1083 1843 1141 1910 XI.
1162 1846 1322 1932 44)-26)

233 1953 286 2018 hic
315 1953 395 2018 ordo
419 1961 482 2016 est:
514 1974 586 2038 epp·
607 1951 690 2016 4-‘1
723 1960 754 2016 et
783 1953 823 2016 16
845 1956 876 2015 ot
896 1953 935 2016 17
965 1973 1047 2018 anno
1076 1952 1229 2037 IOOOX,
1250 1955 1325 2019 reli*

232 2083 312 2146 quae
347 2083 429 2126 anno
461 2059 615 2128 IOOOXI
635 2061 772 2147 scriptae
806 2069 894 2142 sunt,
922 2060 966 2126 ita
987 2083 1087 2144 uero,
1118 2073 1153 2128 ut
1180 2065 1212 2128 in
1241 2065 1326 2130 hunc

232 2171 364 2237 modum
387 2192 459 2236 sese
481 2169 633 2254 excipere
657 2168 858 2235 debuissent:
878 2172 910 2251 8,
933 2171 1095 2254 9,10,11,
1122 2173 1172 2255 18,
1196 2167 1323 2257 19,20,

230 2279 282 2362 23,
307 2280 355 2361 12,
379 2281 428 2360 14,
448 2279 500 2360 26,
522 2277 573 2360 21,
597 2278 654 2358 13,
676 2277 733 2358 24,
759 2279 815 2358 15,
837 2277 894 2359 25,
921 2278 962 2342 22
974 2280 1014 2365 ⁵).
1065 2281 1110 2344 At
1144 2281 1222 2364 quid
1251 2282 1326 2347 hinc

231 2398 395 2474 sequatur,
418 2398 532 2472 postea
551 2385 749 2468 uidebimus,
779 2409 863 2452 nune
886 2409 922 2452 ea
943 2390 1103 2454 tractanda
1123 2401 1212 2474 sunt,
1244 2395 1325 2478 quae
1514 2363 1515 2381 .

229 2497 262 2562 in
283 2497 492 2584 principalem
520 2495 608 2560 illam
631 2515 722 2580 quam
753 2494 872 2558 institui
893 2497 1039 2581 regulam
1070 2521 1134 2563 non
1157 2499 1323 2586 quadrant.
1512 2475 1514 2502 ἴ

230 2605 357 2693 Septies
381 2606 465 2671 enim
485 2605 540 2670 uel
561 2605 657 2669 octies
670 2603 835 2668 Ciceronis
858 2605 1011 2690 epistulae
1036 2607 1076 2670 ad
1091 2607 1223 2673 eosdem
1250 2610 1324 2674 mis·

230 2737 285 2782 sae
308 2714 531 2795 inueniuntur,
557 2734 691 2799 quornm
713 2713 841 2776 nomina
860 2713 1022 2779 nonnullis
1051 2716 1131 2780 alius
1160 2717 1234 2784 libri
1258 2716 1324 2802 epi·

230 2824 320 2890 stulis
342 2824 493 2910 inscripta
521 2829 603 2886 sunt.
653 2819 797 2902 Quorum
830 2821 973 2887 locorum
1004 2831 1209 2910 conspeetum
1239 2825 1325 2890 hunc

231 2935 347 3000 habes:
370 2931 454 2997 misit
474 2929 590 2996 Cioero

231 3041 342 3108 Cassio
350 3041 501 3126 Longino
509 3039 740 3125 τυραννοκτόνῳ
751 3062 759 3104 :
782 3050 813 3105 et
822 3039 896 3106 XII.
907 3041 1010 3106 1-12
1023 3049 1054 3104 et
1066 3039 1138 3104 XV.
1150 3041 1274 3106 14-19
1285 3042 1324 3126 ⁶).

231 3153 272 3216 M.
299 3151 435 3217 Claudio
457 3150 609 3216 Marcello
629 3150 671 3216 M.
694 3150 731 3215 F.
796 3149 900 3232 „llll
914 3152 1014 3215 7-11
1039 3147 1220 3232 „xv.9⁷).

238 3317 432 3326 ...u—...m

301 3432 327 3501 3)
345 3429 419 3484 Raro
433 3429 544 3484 litterae
561 3430 669 3499 aliquae
685 3428 760 3484 intra
778 3429 935 3484 remotioris
953 3429 1019 3483 anni
1036 3429 1167 3499 epistulas
1185 3428 1323 3498 migrane-

231 3531 310 3581 runt:
329 3527 358 3580 in
376 3526 425 3581 lib.
445 3525 524 3580 VIIII
545 3528 573 3579 et
591 3525 684 3595 XIIII;
708 3530 853 3594 praeterea
871 3524 911 3580 ita
927 3529 959 3579 ut
977 3531 1071 3579 eorum
1090 3523 1136 3593 qui
1154 3525 1323 3579 interessent

232 3639 365 3678 annorum
383 3623 474 3676 nullae
491 3620 625 3692 epistulae
643 3623 784 3675 exstarent
801 3621 830 3674 in
848 3621 896 3676 lib.
914 3619 966 3675 v11
985 3621 1023 3690 (et
1040 3619 1126 3690 XIII).

300 3737 330 3806 4)
350 3736 391 3789 Do
410 3753 470 3806 opp.
491 3735 560 3790 1--3
577 3733 657 3788 huius
674 3734 740 3788 libri
757 3734 831 3788 infra
847 3734 1057 3804 disputabimus.

305 3852 333 3920 5)
354 3849 393 3904 cf.
411 3848 432 3902 Ι.
453 3848 487 3902 de
506 3847 628 3902 Gmber:
654 3848 780 3916 quaestio
798 3847 832 3902 dc
856 3851 980 3917 temporo
1001 3851 1084 3918 atque
1102 3848 1173 3904 serie
1191 3847 1319 3920 epistola·

231 3965 292 4004 rum
312 3947 460 4002 Ciceronis.
493 3945 612 4000 Sundiae
633 3947 710 4001 1836.
730 3946 756 4000 4.

302 4061 328 4128 6)
344 4060 388 4114 Ex
406 4059 449 4114 his
468 4059 528 4114 XII.
549 4060 593 4124 11,
613 4060 659 4124 12,
684 4057 743 4112 XV.
763 4059 797 4112 19
817 4056 895 4112 Cassi
910 4055 999 4126 ipsius
1016 4061 1089 4112 sunt.

304 4175 331 4243 7)
350 4172 394 4226 Ex
410 4173 453 4226 his
473 4173 533 4226 1111.
552 4173 580 4228 11
604 4170 730 4225 Marcelli
747 4170 833 4240 ipsius
852 4175 901 4224 est.
939 4169 1083 4238 Ceterum,
1111 4187 1146 4225 ne
1165 4168 1226 4237 qnia
1243 4173 1324 4238 putet

231 4288 274 4325 me
299 4271 379 4325 huius
405 4271 472 4324 libri
489 4288 532 4340 ep.
552 4271 569 4325 7
593 4267 772 4339 neglegentia
789 4267 1025 4337 praetermisisse,
1051 4267 1122 4320 hunc
1140 4266 1175 4320 ad
1194 4265 1223 4319 C.
1243 4265 1322 4320 Olan-
1501 4227 1508 4521 4

182 4668 620 4771 *A
