3040 4810
715 456 717 461 ,
765 386 786 448 4

235 571 300 636 duo
319 569 365 635 illi
389 568 478 650 libri,
508 566 635 633 tertium
659 566 816 632 decimum
840 567 911 632 dico
934 576 966 632 et
987 566 1130 651 quintum
1152 566 1322 648 decimum,

231 679 276 744 ita
296 677 467 764 placuere,
496 685 530 741 ut
560 684 772 763 quotcumque
801 675 955 761 epistulae
977 675 1112 740 omissae
1134 683 1238 757 erant,
1271 695 1323 740 eas

228 787 277 851 his
296 785 493 874 potissimum
517 785 693 866 insereret,
729 793 887 870 tamquam
912 785 939 848 si
971 784 1113 871 ipsorum
1136 807 1245 850 caussa
1268 804 1323 848 eos

227 918 325 984 supra
347 893 533 960 seruasset?
575 892 643 962 Sed
664 913 798 976 uereor,
828 913 869 960 ue
901 894 1019 978 longus
1051 914 1121 960 csse
1149 883 1262 958 uidear
1289 892 1323 956 in

228 1006 273 1090 eis
294 1003 502 1085 refellendis,
539 1024 620 1086 quae
640 1023 839 1087 nequaquam
861 1001 932 1068 ueri
952 1000 1067 1066 similia
1088 1021 1159 1066 esse
1179 1001 1322 1087 adparet.

227 1114 334 1197 Atque
354 1111 382 1176 si
404 1111 473 1196 quis
497 1121 560 1191 est,
596 1110 649 1196 qui
678 1109 778 1175 nihilo
811 1110 914 1175 minus
944 1108 1029 1174 casui
1054 1118 1174 1176 tantum
1202 1108 1321 1190 tribuit,

227 1229 378 1306 quantum
400 1220 460 1286 sibi
478 1220 584 1307 ipsum
606 1241 711 1284 casum
735 1218 899 1284 confidere
923 1240 988 1283 non
1018 1218 1133 1300 credo,
1158 1240 1240 1303 quae
1261 1238 1319 1303 po-

226 1339 293 1394 stea
315 1331 355 1393 de
371 1329 492 1394 ratione
515 1351 577 1414 qua
597 1328 677 1394 haec
700 1327 906 1413 epistularum
930 1349 1065 1413 corpora
1087 1338 1156 1394 orta
1178 1327 1240 1392 siut
1260 1327 1323 1392 dis·

227 1418 423 1524 putabimus,
467 1459 504 1502 ea
534 1447 610 1524 puto
640 1446 702 1502 tam
736 1447 821 1503 certo
852 1447 1041 1524 argumento
1072 1438 1323 1504 demonstratura

229 1569 300 1614 esse
332 1569 437 1614 casum
467 1546 571 1612 nullas
599 1555 705 1634 partes
728 1547 759 1610 h.
781 1547 803 1614 l.
827 1547 965 1630 habere,
994 1557 1122 1633 tamque
1152 1544 1323 1633 perspicue

229 1659 378 1740 doctura,
410 1680 472 1742 quo
498 1659 595 1724 modo
628 1659 824 1746 perturbatio
845 1659 901 1725 illa
921 1699 964 1708 -—
993 1679 1074 1743 quae
1102 1679 1173 1723 osse
1194 1656 1323 1722 uidetur

227 1767 332 1853 potius
354 1789 448 1852 quarn
470 1788 605 1832 reuera
627 1776 674 1832 est
694 1807 736 1818 -—
757 1777 826 1832 orta
846 1767 905 1850 sit,
928 1777 963 1832 ut
981 1789 1023 1832 ne
1046 1766 1170 1854 species
1193 1765 1321 1850 quidem

230 1875 430 1941 dubitationis
453 1874 662 1961 relinquatur.
708 1875 795 1956 Quid
820 1886 934 1958 autem,
953 1875 980 1939 si
1003 1885 1051 1940 est
1073 1874 1127 1960 qui
1149 1874 1181 1938 in
1205 1871 1322 1939 descri-

228 1987 336 2052 bendo
355 1985 426 2050 illas
452 1985 601 2074 epistulas
622 1987 828 2073 transpositas
857 2008 926 2052 esse
957 1985 1070 2074 putet?
1120 1984 1210 2051 Talia
1240 1986 1323 2051 enim

227 2093 372 2161 inlibris
394 2094 436 2158 ad
460 2093 601 2158 Atticum
624 2103 655 2158 et
674 2095 715 2159 ad
729 2093 883 2174 Quintum
907 2094 1036 2161 fratrem
1058 2095 1138 2159 facta
1160 2115 1232 2160 esse
1253 2115 1323 2158 cum

226 2203 260 2269 in
281 2201 424 2288 legendo
445 2201 603 2283 uidemus,
625 2210 691 2266 tum
713 2203 912 2290 praeclarum
935 2202 968 2266 in
988 2203 1119 2268 modum
1142 2201 1323 2268 certissimis

230 2311 386 2398 exemplis
411 2311 640 2376 demonstrauit
656 2310 953 2378 Th.lllommsenius
963 2313 1002 2397 ¹¹)
1024 2351 1067 2362 -
1089 2311 1198 2398 quidni
1220 2311 1323 2377 slmile

228 2415 349 2506 aliquid
382 2420 415 2484 in
457 2419 502 2484 eis
533 2442 614 2508 quae
648 2429 814 2486 tractamus
848 2420 977 2486 euenire
998 2420 1123 2509 potuit?
1177 2422 1327 2486 Attamen

228 2529 374 2595 euenisse
396 2551 494 2618 nego.
535 2529 651 2616 Neque
675 2530 760 2595 enim
781 2539 934 2618 repetam,
959 2534 1045 2618 quod
1068 2554 1164 2618 supra
1187 2552 1324 2596 comme·

226 2631 357 2718 morsui,
379 2635 435 2700 uix
457 2646 519 2702 tam
542 2658 639 2725 saepe
660 2638 735 2702 talia
756 2639 902 2704 accidere
923 2639 1085 2726 potuisse,
1115 2660 1221 2724 neque
1242 2637 1323 2702 illud

226 2746 306 2810 miro
337 2747 474 2831 quodam
507 2770 580 2812 casu
604 2768 822 2834 quaecumque
850 2748 966 2812 omissa
987 2756 1076 2813 erant
1099 2747 1175 2813 folia
1197 2747 1231 2812 in
1257 2745 1320 2810 duo

227 2851 326 2920 libros
348 2854 503 2942 migrasse
525 2895 567 2903 —
593 2855 689 2921 immo
718 2857 779 2920 hoc
802 2856 895 2922 etiam
917 2854 1037 2942 largiar
1061 2855 1161 2941 (quod
1183 2864 1217 2918 ut
1242 2854 1324 2939 quis·

228 2986 322 3048 quam
354 2985 480 3030 mecum
511 2965 667 3050 largiatur
698 2965 829 3056 uereor)
865 2965 962 3031 octies
995 2965 1070 3030 folia
1101 2962 1253 3029 nonnulla
1284 2963 1325 3029 ita
1342 2949 1360 2980 ⁴

225 3075 415 3160 transposita
434 3097 515 3158 esse,
537 3085 572 3140 ut
592 3097 633 3139 ne
656 3098 717 3139 una
733 3075 863 3160 quidem
878 3074 1013 3160 epistula
1027 3074 1089 3140 hoe
1102 3073 1183 3140 facto
1207 3073 1321 3140 discin-

219 3183 358 3276 deretur
380 3222 422 3232 -
442 3193 567 3271 tempus
589 3185 694 3269 ipsum
718 3206 780 3272 quo
803 3183 876 3248 illae
901 3183 1057 3267 epistulae
1081 3183 1217 3270 scriptae
1238 3190 1321 3264 sunt,

226 3295 337 3374 obstat,
360 3292 395 3357 id
418 3294 503 3378 quod
525 3315 589 3357 uno
613 3294 762 3380 exemplo
788 3293 1023 3358 demonstrabo.
1064 3291 1148 3378 llpp.
1170 3291 1267 3358 XIII.
1284 3292 1325 3358 15

229 3410 261 3468 et
284 3403 324 3468 16
345 3411 418 3466 sunt
437 3402 510 3466 anni
525 3401 736 3484 IOCOVIIII,
758 3401 900 3466 eiusdem
915 3401 988 3467 libri
1004 3423 1078 3487 epp.
1093 3399 1231 3466 17-28·
1248 3400 1324 3466 anni

225 3508 431 3592 IOCOVIII,
462 3509 538 3574 item
561 3532 612 3596 ep.
633 3511 684 3576 29.
739 3511 821 3578 Cum
849 3493 953 3574 autem
983 3530 1034 3596 cp.
1057 3507 1172 3575 VH.5
1202 3509 1325 3574 miserit

227 3617 341 3684 Cicero
365 3640 446 3684 anno
475 3617 601 3701 1000,
633 3619 714 3688 IIII.
747 3621 829 3685 1-6
858 3620 940 3684 intra
978 3637 1093 3683 anuum
1131 3617 1252 3684 10001
1294 3627 1325 3684 et

226 3725 451 3810 1000VIHI,
481 3728 523 3792 X.
547 3729 650 3793 1-24
681 3729 819 3815 denique
843 3752 870 3792 a.
886 3725 1021 3794 IOOOX
1043 3736 1076 3792 et
1095 3725 1259 3811 IOOOXI,
1281 3745 1323 3792 ex

229 3837 275 3900 eis
298 3859 379 3922 quae
401 3860 499 3925 supra
523 3838 564 3903 de
596 3837 709 3903 ordine
732 3837 935 3928 epistularum
958 3837 1188 3923 disputauimus
1218 3836 1322 3922 sequi·

230 3999 429 4011 *—

300 4098 345 4167 11)
364 4059 411 4154 111}
431 4096 593 4154 zeitschrift
611 4095 630 4154 r.
649 4097 676 4156 r.
695 4097 901 4156 ursanum.
921 4099 999 4156 1844.
1018 4099 1066 4157 ur.
1078 4099 1115 4156 ro
1131 4103 1161 4154 es
1177 4098 1221 4170 ro,
1239 4101 1268 4153 ss
1285 4095 1324 4153 su.

229 4193 308 4270 leta.
326 4193 375 4249 Nr.
385 4195 420 4250 98
438 4196 519 4254 et99.
556 4192 661 4262 Quibus
678 4193 749 4250 adde
766 4211 836 4265 quse
855 4195 1002 4266 proposuit
1017 4195 1053 4250 de
1071 4195 1180 4250 (bruher
1193 4194 1211 4248 1.
1222 4211 1321 4250 oomm.

227 4288 262 4341 de
281 4289 407 4358 epistulis
425 4288 591 4358 quibusdam
608 4291 646 4346 od
663 4291 788 4348 Atticum
808 4292 928 4362 seriptis.

1505 3993 1509 4101 l
