3040 4810
721 343 763 408 25

190 531 274 600 Cum
295 528 394 616 igitur
415 527 499 592 inter
524 524 682 612 epistulas¹
697 521 863 592 Ciceronis
892 523 933 588 ad
955 522 1108 588 Plancum
1129 531 1161 587 et
1180 521 1285 588 Polio·

188 639 238 703 nis
263 637 303 702 ad
318 635 509 702 Ciceronem
535 633 755 722 appan-30,
779 631 892 718 quibus
915 632 1054 718 quinque
1076 631 1138 696 alia
1158 630 1287 698 nomina
1377 637 1389 652 ⁴

185 747 338 832 inscripta
359 754 448 828 sunt,
470 745 637 828 legantur,
671 765 713 808 ex
747 741 810 812 hoc
830 742 900 828 ipso
930 741 1043 808 ordine
1064 739 1154 808 Gelli
1183 749 1285 806 aetate

187 858 276 922 hunc
296 855 414 920 librum
434 854 496 918 iam
527 855 561 918 in
593 851 731 918 eundem
755 850 885 916 modum
912 874 949 917 ac
969 873 1054 918 nuno
1077 849 1285 935 compositum

189 967 289 1030 fuisse
312 964 478 1049 conligere
499 961 582 1028 licet.
636 959 746 1048 Itaque
781 959 928 1046 quoniam
962 959 1102 1026 decimus
1128 959 1227 1042 liber,
1250 969 1285 1024 ut

188 1095 285 1158 supra
306 1072 456 1154 uidimus,
479 1070 574 1159 primi
599 1070 743 1156 excerpti
773 1078 895 1155 partem
919 1069 1032 1150 efficit,
1059 1067 1201 1136 Gellium
1221 1067 1285 1154 pri·

191 1206 276 1250 mum
309 1191 497 1269 excerptum
526 1179 648 1266 legisse
671 1189 764 1265 atque
784 1180 817 1243 in
851 1177 1069 1246 describendis
1092 1177 1172 1244 locis
1196 1177 1283 1242 edhi-

188 1291 297 1357 buisse
317 1297 501 1354 statuemus.
545 1287 627 1352 Item

271 1399 305 1486 2)
328 1395 452 1464 Nonius
483 1397 554 1482 (pg.
572 1395 623 1460 83.
645 1394 700 1482 31)
731 1392 913 1480 praemissis
946 1393 1054 1460 uerbis
1084 1393 1187 1470 hisce:
1217 1391 1283 1476 ,Ci-

189 1529 267 1574 oero
290 1507 330 1572 ad
353 1505 532 1572 Varronem
548 1503 695 1591 ¹epistola
717 1501 819 1568 Paeti‘
844 1502 1025 1588 longiorem
1046 1503 1152 1570 locum
1180 1501 1285 1566 adfert

187 1617 338 1698 eundem,
362 1613 416 1700 qui
437 1613 558 1698 legitur
577 1613 616 1680 ed
640 1611 895 1680 fam.v1111.20.
906 1612 936 1678 3.
980 1610 1061 1678 (lum
1082 1620 1187 1676 eutem
1206 1609 1283 1674 noni

185 1725 261 1791 libri
284 1723 358 1788 sint:

281 1855 353 1924 epp.
376 1832 482 1898 1--8.
548 1827 712 1896 Ciceronis
734 1829 774 1892 ad
797 1827 989 1910 Varronem,

548 1945 741 2011 Dolabellae
763 1945 804 2010 ad
827 1946 1017 2012 Ciceronem
1039 1957 1070 2012 et

316 2053 331 2084 ”
372 2003 504 2072 9‘14'
551 2017 1017 2147 onerosisar‘uonsanm,

310 2233 326 2266 „
350 2184 391 2250 15
408 2219 440 2232 -·
453 2184 504 2250 26.
549 2181 714 2249 Ciceronis
735 2183 776 2248 ad
799 2181 981 2270 Paetumss)

188 2323 280 2384 eum,
303 2321 398 2386 quem
421 2299 453 2365 h.
475 2299 497 2364 l.
528 2299 562 2363 in
587 2299 769 2364 adferendis
799 2299 907 2366 uerbis
933 2297 1056 2364 Nonius
1085 2305 1211 2364 secutus
1239 2307 1286 2363 est

191 2419 222 2474 et
246 2407 436 2494 ipsumhoc
466 2407 548 2474 libro
570 2403 628 2471 tali
658 2407 757 2493 qualis
781 2429 867 2473 nunc
902 2415 950 2471 est
978 2429 1071 2472 usum
1103 2427 1173 2472 esse
1201 2405 1232 2471 h.
1256 2427 1282 2470 e.

187 2541 252 2582 non
274 2516 485 2605 primigenios
506 2515 578 2580 illos
600 2514 715 2597 libros,
748 2517 806 2580 sed
829 2525 983 2600 excerpta
1003 2515 1187 2582 adhibuisse
1210 2535 1282 2600 per·

187 2627 348 2715 spicimus.
393 2625 596 2693 Contrarium
614 2647 694 2690 uero
718 2625 812 2690 docet
832 2625 919 2690 idem

257 2892 302 2962 41)
320 2892 381 2950 Hoc
398 2891 485 2962 igitur
505 2890 781 2948 animaduertendum
800 2896 850 2959 est,
869 2890 943 2962 quod
960 2891 1067 2948 Nonius
1085 2909 1142 2948 non
1159 2892 1200 2948 ita
1217 2893 1284 2950 seri-

188 2989 260 3059 psit:
279 2988 384 3056 ,Cicero
401 2988 436 3044 ad
443 2989 597 3044 Varronem
612 2989 730 3060 epistole
748 2989 925 3057 adPaetum‘,
944 2988 993 3043 sed
1011 3006 1075 3044 cum
1091 2989 1205 3046 breuius
1223 2994 1285 3044 tum

191 3083 346 3153 elegantius
373 3087 406 3137 ut
425 3101 506 3154 supra
524 3085 606 3140 attuli
623 3085 677 3140 sic:
703 3084 808 3152 ,Cicero
827 3083 863 3140 ad
876 3059 1031 3139 llarronem
1051 3084 1169 3156 epistola
1186 3084 1284 3155 Paeti‘,

191 3195 261 3248 quae
285 3178 394 3248 quidem
420 3181 505 3236 uerba
528 3182 605 3236 selue
631 3181 758 3236 codicum
782 3181 922 3250 scriptura
945 3181 1019 3237 idem
1043 3181 1199 3253 significare
1221 3197 1284 3253 pos-

190 3278 261 3330 sunt.
297 3274 367 3330 Nem
383 3293 498 3348 prorsus
517 3279 614 3333 eodem
630 3278 715 3333 modo
732 3278 807 3332 idem
818 3277 923 3334 Nonius
935 3279 989 3350 (pg.
1001 3281 1060 3334 259.
1080 3297 1106 3333 u.
1116 3281 1162 3348 24)
1184 3279 1284 3334 uerba:

189 3371 296 3440 ‚Cicero
318 3373 348 3428 in
367 3374 487 3445 epistola
504 3374 586 3432 Cessi‘
606 3377 668 3432 loco
689 3375 798 3431 cuidam
815 3377 977 3447 praemisit,
1006 3393 1088 3447 quem
1113 3376 1142 3432 in
1165 3377 1284 3447 epistula

185 3486 242 3524 non
262 3487 279 3524 a
298 3469 392 3526 Cassio
412 3471 448 3524 ad
467 3471 635 3546 Ciceronem,
653 3472 702 3528 sed
722 3490 738 3528 a
757 3473 889 3529 Cicerone
906 3474 1075 3529 adGassium
1093 3474 1197 3543 scripte
1215 3474 1283 3546 legi·

187 3583 246 3624 mus
267 3565 341 3636 (fam.
359 3567 418 3622 XV.
438 3569 480 3624 14.
501 3569 535 3639 5).
570 3567 666 3639 Neque
686 3573 729 3624 est
750 3587 800 3624 cur
817 3569 993 3638 dubitemus,
1019 3573 1112 3624 utrum
1130 3570 1249 3642 epistula
1266 3587 1283 3624 e

193 3664 323 3719 Cicerone
349 3681 390 3720 an,
410 3681 427 3718 a
444 3665 530 3720 Paeto
560 3666 614 3736 (uel
634 3665 738 3736 Cassio)
762 3667 846 3722 missa
864 3668 915 3735 sit,
945 3686 1007 3724 cum
1024 3685 1085 3722 uoc.
1104 3667 1220 3734 ,Cicero‘
1237 3669 1283 3722 uel

189 3759 297 3828 ‚Cicero
315 3760 346 3814 in
363 3760 491 3831 epistula‘
510 3761 592 3817 huius
609 3762 696 3833 ipsius
713 3764 801 3817 uerba
818 3762 921 3818 adferri
937 3764 1004 3818 satis
1022 3764 1149 3818 doceant.
1181 3762 1286 3842 Quodsi

185 3853 356 3911 contrarium
364 3855 470 3912 Nonius
488 3858 634 3926 uoluisset,
655 3858 777 3914 scribere
796 3859 953 3914 debuisset:
974 3859 1081 3928 ‚Paetus
1094 3859 1124 3913 in
1142 3859 1214 3914 libro
1228 3861 1284 3932 epi-

186 3951 323 4006 stularum
342 3953 484 4008 Ciceronis
507 3952 721 4010 edVarronem.‘
757 3954 831 4022 Quid
849 3941 924 4024 quod
941 3973 985 4010 uu.
1007 3959 1064 4024 ‚tue
1082 3955 1209 4026 epistula‘
1226 3972 1284 4012 non

188 4049 276 4104 solum
296 4048 371 4105 idem
389 4067 448 4106 esse
466 4055 600 4122 possunt,
616 4069 649 4107 ec
667 4051 796 4123 ,epistula
815 4069 897 4122 quem
915 4052 1116 4123 inscripsisti,
1135 4052 1284 4108 sedetiam

186 4145 260 4200 idem
278 4164 312 4202 ec
331 4147 469 4218 epistula,
490 4165 560 4218 quae
580 4149 615 4204 ad
627 4154 654 4204 te
676 4149 781 4220 scripta
799 4151 859 4206 cet‘.
900 4150 944 4206 Ita
963 4168 1021 4206 ec.
1043 4155 1161 4220 utreque
1179 4149 1284 4221 signifi⁸

189 4243 259 4297 ectio
279 4243 309 4297 in
329 4243 427 4298 eedem
443 4246 618 4316 paragrapho
632 4247 772 4317 reperitur
790 4247 825 4302 ed
842 4246 902 4301 Att.
920 4248 954 4302 ll.
973 4247 1015 4303 13.
1037 4249 1062 4303 1.
