3040 4810
598 964 872 1070 annuens²

273 1297 443 1384 Postquam
464 1299 546 1366 hano
569 1300 876 1366 dissertatiunculam
896 1300 960 1364 iam
980 1307 1076 1364 totam
1100 1299 1283 1384 conscripsi,

190 1406 322 1492 contigit
351 1405 428 1470 mihi
462 1407 634 1472 nouissima
662 1407 826 1474 Ciceronis
859 1408 1066 1495 epistularum
1098 1407 1194 1472 editio
1224 1407 1284 1474 Fr.

193 1513 413 1580 Hofmanni
435 1514 682 1602 (Auegewtthlte
705 1517 816 1582 Briefe
841 1539 904 1582 von
920 1517 963 1582 Μ.
974 1515 1011 1580 Τ.
1026 1516 1092 1582 Cio.
1118 1517 1146 1580 1.
1161 1516 1284 1582 Bdehn.

191 1622 302 1694 Berlin
326 1623 418 1690 1860.
442 1623 605 1706 Weidm.)‚
630 1625 737 1710 quiin
762 1625 883 1690 eisdem
905 1628 1001 1692 rebus
1024 1623 1193 1690 tractandis
1216 1624 1284 1712 ple·

189 1753 324 1816 rumque
345 1732 378 1796 in
399 1731 460 1798 alia
481 1732 610 1818 quidem
639 1743 733 1819 atque
756 1755 819 1820 ego
841 1744 889 1799 est
910 1733 1086 1814 sententio,
1120 1755 1181 1800 nec
1204 1755 1285 1799 uero

189 1838 267 1904 mihi
287 1840 453 1925 persuasit.
498 1840 580 1906 Cum
603 1851 708 1908 autem
731 1865 835 1908 meam
856 1842 961 1908 dehis
981 1845 1078 1910 rebus
1101 1844 1285 1930 opinionem

189 1948 286 2012 modo
310 1948 516 2035 exposuerim
537 1972 638 2037 pauca
661 1960 782 2016 tanturn
805 1973 885 2036 quae
908 1951 1023 2016 addam
1042 1951 1157 2018 habeo.
1178 1942 1286 2039 Negat

190 2057 274 2122 enim
295 2059 364 2146 (pg.
380 2058 414 2144 9)
447 2058 596 2145 epistulas
617 2060 659 2125 ad
689 2061 762 2126 fam.
787 2069 938 2148 excerpta
966 2083 1036 2126 esse
1067 2069 1213 2148 quattuor
1242 2063 1302 2128 ob¹

189 2191 315 2234 caussas
335 2168 453 2250 hasce:-
471 2169 608 2254 primum
626 2169 836 2256 primigenios
859 2171 934 2236 illos
954 2170 1052 2236 libros
1068 2171 1286 2256 epistularum,

192 2299 322 2363 quarum
346 2278 427 2344 ordo
448 2279 577 2345 nomina
598 2279 643 2343 cis
668 2279 819 2366 inscripta
840 2288 966 2345 secutus
992 2288 1049 2361 cst,
1073 2280 1221 2366 epistulas
1243 2281 1284 2346 ad

190 2395 334 2452 senatum
357 2385 557 2473 (turer)
581 2388 744 2452 continere
764 2387 908 2474 potuisse
929 2396 1027 2474 negat
1040 2426 1078 2438 —
1098 2388 1158 2453 sed
1173 2389 1284 2474 quidni

186 2495 290 2581 potuit
311 2503 437 2559 exstare
451 2494 614 2561 Ciceronis
635 2495 718 2562 liber
743 2497 949 2582 epistularum
971 2498 1012 2562 ad
1026 2506 1180 2579 senatum,
1206 2519 1283 2583 quus

185 2603 232 2668 de
252 2603 418 2689 prouincia
437 2628 474 2670 ac
493 2627 530 2669 re
553 2605 683 2691 publiea
704 2606 900 2690 scripserat?
925 2606 979 2692 (cf.
991 2605 1081 2674 Suet.
1103 2607 1134 2671 d.
1149 2605 1283 2694 lutae).

189 2711 299 2778 Nihilo
322 2712 423 2798 magis
445 2714 567 2801 probo,
591 2714 693 2799 quod:
716 2715 944 2795 ‚unvereinbar
965 2715 1006 2780 ist
1027 2721 1074 2781 es‘
1093 2715 1195 2801 inquit
1213 2717 1283 2799 ‚mit

187 2821 295 2887 dieser
315 2822 485 2888 Annahme
518 2824 575 2910 (de
605 2825 766 2910 excerptis
800 2825 903 2912 agit),
935 2825 1008 2892 dass
1038 2848 1074 2890 so
1110 2826 1283 2892 auffallend

127 3011 130 3019 1
187 2930 273 2996 viele
296 2929 406 2996 Briefe
427 2932 547 2997 andrer
566 2931 733 2999 Personcn
754 2934 1003 3020 ausgenommen
1026 2933 1117 3017 sind,
1141 2958 1205 3000 von
1227 2936 1282 3001 de·

185 3061 248 3104 nen
281 3039 390 3124 einige
423 3061 484 3125 gar
517 3040 604 3108 nieht
635 3065 675 3106 an
706 3042 819 3108 Cicero
842 3043 1001 3128 geriolrtet
1022 3042 1096 3108 sind
1118 3043 1184 3108 und
1207 3044 1284 3110 sehr

187 3147 273 3214 viele
295 3173 370 3214 zum
393 3149 620 3218 Verstttndniss
642 3152 701 3216 der
723 3153 860 3238 tibrigon
879 3152 989 3218 Briefe
1012 3153 1098 3218 nicht
1126 3154 1182 3219 das
1201 3153 1281 3218 Min-

186 3257 276 3322 dcstc
298 3258 495 3344 beitragen‘3
525 3283 598 3326 nam
618 3260 696 3326 tales
722 3261 872 3346 epistulas
893 3263 926 3326 in
947 3261 1146 3348 primigeniis
1170 3285 1280 3352 corpo·

184 3369 274 3434 ribus
298 3390 368 3434 esse
389 3368 530 3455 potuisse
555 3369 626 3454 ipse
646 3369 792 3435 concedit
816 3372 903 3456 (cum
925 3381 1049 3438 nostras
1073 3393 1123 3458 ep.
1147 3370 1187 3436 ad
1208 3371 1281 3438 fam.

184 3499 245 3563 pro
266 3477 467 3564 primigeniis
487 3477 627 3566 habeat),
649 3479 746 3564 idque
769 3502 893 3546 summo
915 3481 1001 3562 iure3
1032 3481 1091 3546 sed
1114 3503 1282 3566 quaecum-

186 3607 248 3672 que
269 3586 453 3673 primigenii
474 3586 546 3654 libri
571 3588 730 3674 complexi
755 3599 838 3670 sunt,
863 3611 900 3656 ea
921 3592 1067 3678 profecto
1083 3591 1282 3678 inexocrpta

184 3696 319 3761 transire
341 3705 523 3780 potuerunt,
545 3697 573 3762 si
589 3697 693 3783 aliqua
708 3720 750 3763 ex
766 3709 856 3786 parte
868 3699 1000 3765 alicuius
1016 3703 1167 3765 momenti
1181 3709 1280 3766 erant.

185 3803 277 3870 Hane
298 3805 400 3892 ipsam
422 3809 461 3874 ob
478 3828 619 3872 caussam
641 3809 777 3891 tertium,
800 3809 885 3893 quod
908 3809 1041 3894 profert,
1064 3817 1152 3874 reete
1170 3831 1205 3876 se
1225 3810 1280 3875 ha-

183 3917 253 3980 bet:
285 3915 454 3980 offensioni
483 3937 554 3980 esse
576 3917 728 4001 quasdam
757 3917 925 4002 epistulas,
957 3940 1038 4004 quae
1066 3918 1185 3983 nullius
1212 3941 1280 3986 mo-

184 4025 284 4090 menti
306 4024 491 4090 sint-sed
513 4025 575 4091 hoc
597 4048 662 4091 non
682 4027 765 4092 cadit
786 4026 847 4092 nisi
868 4027 901 4091 in
922 4028 1039 4094 librum
1057 4036 1201 4115 quartum
1224 4028 1280 4093 de·

183 4135 311 4217 nimum,
336 4157 429 4221 quem
440 4136 573 4201 fortasse
589 4136 818 4222 primigenium
839 4159 910 4202 csse
931 4136 1002 4224 ipse
1025 4137 1185 4221 concessi;
1206 4161 1280 4204 nam

185 4244 324 4330 epistula
346 4245 400 4312 Vl.
427 4245 466 4309 15
488 4245 677 4312 breuissima
697 4246 826 4331 quidem
850 4255 906 4329 est,
930 4249 989 4314 sed
1013 4248 1126 4314 eadem
1148 4247 1281 4333 lepidis·
