3040 4810
719 311 762 374 29

200 529 205 538 ·
275 497 371 562 Nunc
392 495 521 560 tandem
546 515 586 558 ea
603 501 741 558 motare
760 492 845 573 licor,
866 492 955 556 unde
980 487 1146 556 Ciceronis
1175 491 1291 578 epistu-

190 605 297 672 larum
320 603 506 686 συναγωγαὶ
530 602 657 666 initium
679 609 844 688 ceperunt,
865 609 993 666 noemae
1015 600 1056 666 de
1078 600 1201 666 eisdem
1223 601 1289 688 epi·

191 714 283 779 atulis
301 712 460 778 institutae
485 711 715 799 disputationes
740 731 856 796 capere
875 731 941 775 non
959 718 1141 797 potuerunt
1184 707 1290 790 Quae-

193 844 329 909 cumque
355 821 440 888 enim
464 822 630 906 hucusque
652 821 902 906 disputauimus,
936 841 975 884 ea
995 827 1139 904 spectant
1163 818 1204 883 ad
1233 839 1289 883 ex-

194 940 303 1019 cerpta
322 931 397 1016 plus
414 940 542 996 centum
562 929 652 994 annis
663 937 737 1014 post
753 937 914 992 mortuum
923 925 1116 992 Ciceronem
1137 927 1289 1008 conlecta,

192 1062 279 1105 nunc
300 1039 341 1105 ad
363 1036 592 1122 πρωτοτόκους
619 1035 827 1124 epistularum
847 1034 948 1100 libros
969 1034 1056 1120 ipsos
1076 1055 1135 1098 nos
1157 1055 1291 1100 conuer-

192 1159 295 1216 tamus
317 1150 458 1236 primum
479 1149 574 1234 quis
597 1169 667 1212 eoa
691 1145 989 1232 diuulgauerit
1009 1155 1208 1232 quaerentes.

278 1257 378 1340 Quod
399 1259 427 1322 si
450 1260 581 1322 fadmus
605 1255 720 1322 Cicero
742 1259 813 1343 ipse
833 1277 896 1342 quo
915 1266 1062 1343 tempore
1084 1254 1233 1342 primum,
1257 1265 1293 1320 ut

193 1370 239 1435 ita
262 1369 383 1449 dicam,
405 1367 529 1432 initium
552 1367 815 1452 conligendamm
840 1364 1047 1451 epistularum
1068 1365 1185 1430 facmm
1207 1373 1293 1431 esset

193 1479 288 1544 nobis
307 1476 450 1557 tradidit,
474 1475 529 1562 qui
549 1472 837 1543 annolOOCVIll.
859 1473 971 1538 Tironi
991 1474 1071 1540 haec
1086 1473 1214 1560 scripsit
1235 1474 1291 1559 (ad

191 1589 267 1652 fam.
289 1586 378 1652 XVI.
390 1587 441 1650 17.
465 1586 519 1671 l):
540 1584 659 1666 ,Video
682 1584 760 1669 quid
782 1605 869 1669 agas.
913 1583 999 1648 Tuas
1021 1605 1148 1670 quoque
1171 1582 1289 1669 epistu-

192 1696 240 1760 las
251 1694 293 1782 ⁴⁵)
319 1693 368 1758 uis
390 1692 507 1759 referri
537 1691 571 1756 in
593 1690 779 1758 uolumina‘.
828 1690 944 1775 Neque
972 1713 1052 1757 uero
1084 1713 1156 1758 eum
1186 1693 1232 1756 eis
1243 1689 1286 1781 ⁴⁶)

105 1865 108 1874 .
195 1805 375 1886 consentio,
410 1805 463 1889 qui
484 1803 562 1868 inde
583 1811 696 1888 putant
715 1801 909 1868 concludere
931 1800 1031 1868 licere
1051 1802 1108 1866 illo
1130 1801 1192 1868 iam
1210 1810 1289 1868 tem·

193 1934 275 2000 pore
296 1911 460 1978 Ciceronis
484 1911 635 1998 epistulas
658 1911 692 1976 in
711 1909 876 1975 uolumina
895 1910 1040 1976 redactas
1063 1909 1178 1992 daiam
1212 1909 1288 1997 quid

193 2021 280 2088 enim
301 2021 328 2086 si
348 2021 456 2088 uerbis
477 2019 573 2102 ‚Tuas
597 2069 606 2085 .
628 2070 636 2085 .
661 2069 669 2084 .
692 2019 869 2085 uolumina‘
896 2041 961 2086 non
989 2022 1109 2086 haece
1131 2019 1287 2086 contrario

189 2131 341 2218 ponenda
361 2139 451 2195 sunt:
481 2138 528 2210 ,ut
547 2150 639 2194 meae
660 2129 778 2196 relatae
800 2133 894 2211 sunt‘,
926 2130 984 2195 sed
1015 2133 1043 2194 si
1073 2129 1136 2195 hoc
1166 2139 1286 2196 tontum

192 2238 306 2307 Cicero
328 2239 447 2304 uoluit:
478 2248 525 2321 ,ut
552 2260 639 2303 meas
664 2227 814 2323 epistulas
845 2239 880 2302 in
908 2240 1072 2305 uolumina
1094 2239 1208 2306 referri
1234 2259 1286 2304 me

194 2350 255 2416 scis
275 2349 400 2414 uelle‘?
444 2347 512 2418 Sed
533 2348 620 2434 quid,
643 2369 752 2412 nonne
773 2348 859 2413 idem
881 2348 996 2416 Cicero
1017 2371 1052 2416 se
1073 2349 1107 2414 in
1123 2347 1287 2435 conligen-

193 2457 241 2526 dis
261 2467 357 2544 atque
378 2457 412 2521 in
434 2457 580 2522 ordinem
601 2456 790 2542 redigendis
821 2457 967 2544 epistulis
989 2457 1054 2522 suis
1077 2479 1190 2545 parum
1213 2480 1287 2546 pro·

191 2567 307 2632 fecisse
328 2567 399 2654 ipse
422 2567 598 2648 confitetur,
623 2587 695 2630 cum
716 2567 833 2632 scribat
852 2566 953 2632 haece
978 2567 1018 2631 ad
1029 2566 1170 2634 Atticum
1182 2565 1285 2653 (XVI.

190 2677 220 2742 5:
241 2676 296 2761 4):
322 2674 479 2757 ,Mearum
501 2675 708 2762 epistularum
729 2676 817 2742 nulla
843 2687 891 2742 ost
913 2677 1089 2762 συναγωγή,
1115 2676 1174 2744 sed
1193 2677 1288 2743 habet

190 2783 270 2848 Tiro
291 2783 391 2848 instar
411 2784 621 2870 septuaginta.
652 2783 694 2850 Et
715 2785 845 2872 quidem
868 2795 980 2852 sunta
1004 2794 1035 2852 te
1059 2785 1214 2872 quaedam
1236 2805 1287 2850 su-

189 2891 337 2957 mendae.
390 2891 451 2958 Eas
476 2914 539 2979 ego
566 2904 693 2982 oportet
713 2895 907 2982 perspiciam
934 2895 1112 2980 conrigam:
1142 2903 1209 2959 urm
1232 2892 1286 2958 de·

190 3149 289 3216 atulaa,
306 3165 375 3219 qnae
393 3149 498 3207 eisdem
515 3169 548 3208 ac
570 3153 706 3223 quaedam
717 3153 790 3209 XIII.
809 3151 875 3209 libri
892 3151 1043 3223 inscriptae
1061 3153 1134 3221 aunt,
1151 3167 1286 3209 commou-

190 3243 310 3300 dstIcias
329 3263 397 3302 esse.

242 3341 304 3412 15)
321 3341 475 3398 Nonnullae
493 3341 605 3398 Tironis
623 3343 756 3413 epistulas
774 3361 805 3400 re
823 3359 891 3400 uera
908 3343 998 3400 editas
1014 3361 1088 3414 esse,
1117 3345 1220 3403 (sentus
1238 3343 1286 3402 do-

187 3441 249 3507 cet,
274 3437 322 3506 qui
345 3455 448 3508 magna
464 3455 560 3494 earum
576 3437 733 3509 fragmenta
750 3441 831 3496 nobis
849 3442 986 3511 seruauit,
1004 3459 1066 3500 cum
1084 3441 1118 3498 X.
1137 3445 1162 3498 1.
1181 3443 1207 3512 7,
1226 3447 1287 3498 tam

187 3533 234 3590 Vl.
252 3535 277 3590 3.
298 3536 341 3602 10,
361 3551 415 3604 quo
433 3534 497 3590 loco
515 3535 661 3604 Catonem,
680 3537 758 3592 cuius
778 3538 934 3594 orationem
951 3539 1018 3594 TIro
1035 3539 1066 3594 iu
1083 3538 1203 3609 epistula
1221 3553 1286 3608 qua·

186 3629 254 3685 dam
271 3630 308 3685 ad
320 3630 423 3685 Axium
440 3631 658 3703 uituperauerat,
677 3634 768 3689 acrius
786 3652 866 3704 quam
884 3609 991 3691 felicius
1009 3633 1141 3690 defendit
1175 3634 1286 3692 Tironis

190 3744 254 3798 epp.
275 3727 312 3783 ad
330 3727 492 3784 Ciceronem
511 3729 632 3799 scriptae
656 3745 673 3782 a
690 3730 823 3786 Cicerone
842 3732 878 3786 ad
898 3731 961 3786 lam.
979 3731 998 3785 l.
1017 3729 1088 3786 XVI.
1113 3747 1195 3802 saepe
1213 3747 1286 3787 com·

189 3824 380 3879 memorantur
400 3825 442 3895 (ut
466 3827 493 3881 4.
511 3825 598 3895 ind),
623 3826 691 3880 ltem
716 3827 751 3881 ad
773 3827 900 3883 Atticum
923 3828 1036 3883 missae:
1060 3827 1121 3882 Art.
1142 3825 1174 3883 V.
1194 3829 1237 3884 20.
1259 3829 1284 3894 9,

186 3919 290 3992 (Attici
309 3919 344 3975 ad
364 3919 512 3976 Tironem:
532 3920 594 3978 Att.
611 3921 672 3977 XII.
690 3925 732 3980 19.
754 3925 782 3991 4,
803 3923 864 3978 XII.
883 3925 929 3994 48)
949 3924 984 3979 ad
1005 3923 1135 3994 Quietum
1154 3923 1203 3980 le:
1221 3923 1285 3980 Iam.

183 4015 258 4072 XVI.
278 4019 321 4073 26.
342 4021 366 4073 1.
1132 4045 1134 4050 ·

255 4114 302 4183 46)
320 4113 359 4170 Vt
377 4112 409 4168 F.
428 4114 542 4184 Merger
561 4117 682 4182 (Ciceros
699 4117 790 4172 Briefe
808 4117 915 4172 ucbera.
935 4135 961 4172 v.
980 4117 1019 4174 M.
1036 4116 1141 4188 stuttg.
1162 4117 1245 4188 1859)
1263 4117 1284 4174 1.

182 4225 233 4294 pp·
245 4209 288 4265 37.
