3040 4810
783 369 824 434 22

255 571 363 618 nonne
386 551 512 638 quintus
535 553 677 620 decimus
700 554 783 620 liber
802 554 924 641 etipse
946 553 1026 618 tales
1050 553 1250 619 contineret?
1295 553 1353 622 Sin

255 669 360 725 autem
382 659 461 727 alius
484 662 664 750 argumenti
687 663 837 750 epistulas
859 685 923 728 non
944 662 1110 728 reiecisset
1124 699 1163 710 -
1178 662 1264 726 unde
1286 671 1350 728 tan-

256 769 330 836 dem
353 769 526 854 accidisset,
550 781 585 836 ut
603 772 830 838 antecederent
848 774 922 859 plns
946 771 1107 856 octoginta
1130 771 1352 837 commendati·

256 878 340 962 eiae,
363 888 574 964 sequerentur
599 880 716 967 uiginti
745 881 884 966 quinque
915 880 1011 967 plene
1039 879 1184 945 diuersas
1210 901 1262 946 res
1293 890 1352 946 tra-

257 989 457 1076 ctantesiil'?
485 987 658 1056 Praeterea
678 991 734 1055 uix
761 991 911 1076 epistulas
934 990 1050 1055 electas
1071 989 1112 1054 ita
1129 989 1162 1053 in
1177 988 1353 1056 duolibros

257 1097 486 1181 distribuisset,
509 1107 545 1164 ut
564 1099 645 1164 alter
671 1100 806 1184 triginta
827 1109 975 1185 quattuor
986 1099 1028 1184 81)
1058 1100 1192 1186 paginas
1225 1097 1350 1185 (quales

255 1214 329 1271 sunt
349 1205 382 1270 in
402 1203 507 1271 Orelli
531 1204 670 1272 editione
691 1207 803 1294 altera)
828 1207 1102 1295 complecteretur,
1128 1207 1208 1272 alter
1229 1207 1353 1273 duode-

254 1313 371 1400 uiginti
392 1337 456 1379 non
481 1325 656 1402 superaret.
706 1315 799 1396 Quae
822 1339 893 1380 cum
913 1315 957 1380 ita
976 1316 1057 1398 sint,
1089 1315 1251 1382 neminem
1272 1325 1350 1403 puto

256 1425 335 1506 fore,
359 1422 413 1509 qni
435 1424 562 1489 tertium
584 1425 744 1490 decimum
766 1424 884 1491 libmm
905 1447 1013 1514 perse
1028 1447 1120 1492 suum
1138 1447 1253 1514 cerpus
1276 1427 1351 1492 effe

256 1531 337 1598 cisse
358 1541 467 1617 neget.

340 1638 438 1722 Quod
461 1639 630 1706 duodecim
648 1641 744 1726 primi
764 1641 837 1706 libri
859 1641 938 1706 tales
961 1651 1043 1724 sunt,
1065 1650 1101 1707 ut
1124 1627 1177 1728 q'ui
1200 1663 1255 1708 eos
1281 1663 1354 1707 con-

255 1750 420 1837 scripserit
442 1750 576 1816 eandem
598 1751 709 1836 legem
733 1751 931 1836 eandemque
952 1751 1106 1816 rationem
1116 1751 1159 1837 88)
1182 1752 1215 1815 in
1231 1751 1354 1837 eligen-

257 1861 306 1926 dis
330 1859 472 1947 epistulis
494 1869 621 1926 secutus
647 1883 718 1925 esse
743 1861 908 1943 uideatur,
938 1859 1000 1926 hoe
1032 1881 1097 1925 nen
1125 1861 1229 1926 minue
1262 1881 1355 1947 quam

256 1991 337 2056 quae
359 1991 457 2056 supra
478 1971 519 2036 de
542 1971 662 2036 eisdem
684 1970 773 2036 libris
793 1971 1040 2036 commemoraui
1070 1989 1108 2035 eo
1140 1992 1198 2035 nos
1222 1970 1352 2052 ducunt,

254 2089 290 2147 ut
310 2081 369 2146 hos
389 2078 490 2146 libros
511 2102 575 2145 uno
599 2090 751 2166 excerpto
775 2079 939 2162 contineri,
963 2101 1117 2146 necuere
1136 2079 1170 2144 in
1186 2079 1351 2166 complura

257 2209 392 2276 corpora
417 2187 610 2254 diuidendos
636 2210 707 2254 esse
730 2196 912 2253 statuamus.

340 2297 449 2362 Restat
470 2305 505 2361 ut
525 2317 657 2383 agamus
680 2298 721 2362 de
743 2297 833 2363 libris
847 2296 1085 2378 XHH-XVI,
1110 2297 1173 2381 qui,
1196 2306 1231 2362 ut
1252 2297 1354 2363 dicam

257 2407 333 2492 quid
358 2407 499 2489 sentiam,
523 2408 581 2472 etsi
604 2407 645 2472 de
667 2406 726 2472 hae
753 2427 789 2472 re
803 2405 954 2472 iudicium
977 2407 1085 2494 paullo
1107 2409 1211 2472 minus
1235 2415 1357 2472 eertum

258 2525 314 2598 est,
337 2516 458 2602 singuli
476 2517 604 2603 singula
627 2537 762 2605 corpora
781 2538 851 2582 esse
873 2517 1024 2582 uidentur
1032 2516 1087 2603 89).
1116 2515 1249 2582 Frustra
1272 2515 1357 2580 enim

258 2635 376 2693 certam
398 2625 535 2711 aliquam
550 2628 670 2712 legem,
693 2633 811 2691 certam
828 2625 965 2711 aliquam
978 2644 1121 2690 normam
1145 2623 1360 2710 regulamque

331 2937 375 3005 36)
394 2934 490 3005 Neque
516 2932 590 2990 enim
614 2932 703 3003 quinti
729 2930 829 2988 decimi
852 2931 918 2988 libri
944 2935 977 2986 ut
1000 2930 1079 2988 tertii
1097 2928 1198 2986 decimi
1224 2926 1360 2999 epistulae

261 3031 414 3089 seeundum
430 3035 595 3103 argumenta
614 3029 767 3102 dispositae
784 3031 856 3084 sunt

335 3128 379 3198 37)
398 3127 491 3183 Ceteri
507 3127 575 3182 libri
590 3127 636 3181 uel
653 3126 750 3182 decem
766 3126 814 3180 uel
830 3123 911 3180 unius
930 3127 959 3178 et
975 3122 1077 3196 uiginti
1098 3123 1262 3194 paginarum
1282 3125 1357 3192 sunt,

258 3227 282 3281 si
300 3225 444 3294 decimum,
466 3224 514 3294 qui
531 3223 633 3294 uiginti
652 3240 701 3278 sex
721 3222 852 3293 complet,
871 3220 1038 3292 excipimus3
1054 3219 1150 3289 itaque
1169 3219 1203 3274 ab
1221 3218 1274 3274 hae
1293 3235 1359 3287 quo·

257 3338 311 3391 que
331 3324 411 3391 parte
430 3319 530 3374 tertius
551 3318 672 3374 decimus
689 3317 760 3372 liber
779 3334 795 3371 a
813 3320 971 3372 ceterorum
990 3316 1098 3371 ratione
1114 3313 1231 3369 recedit.

329 3417 372 3488 38)
392 3415 467 3486 Quae
486 3415 564 3470 namn
585 3415 766 3484 epistularum
785 3417 949 3484 argumenta
965 3411 1116 3467 Frontonis
1141 3411 1228 3466 uerba
1253 3409 1284 3465 in
1301 3426 1359 3465 me·

257 3515 375 3570 moriam
392 3512 473 3569 uobis
491 3515 627 3567 reuocent
651 3510 685 3565 de
708 3509 804 3565 eadem
823 3527 853 3564 re
872 3509 977 3579 scriptu
994 3508 1079 3563 haece
1101 3507 1154 3578 (ep.
1172 3505 1207 3561 sd
1224 3505 1359 3562 Antonin.

257 3611 291 3666 II.
311 3613 353 3680 5):
381 3608 504 3680 ,Memini
522 3624 566 3662 me
593 3607 763 3678 excerpsisse
792 3623 827 3661 ex
845 3603 984 3661 Ciceronis
1003 3602 1129 3674 epistulis
1150 3619 1183 3659 ss
1204 3602 1358 3670 dumtaxat,

258 3705 358 3778 quibus
375 3705 480 3761 inesset
496 3703 588 3773 aliqua
605 3703 640 3757 de
658 3701 816 3772 eloquentia
834 3702 880 3756 uel
898 3699 1072 3772 philosophia
1084 3699 1131 3754 uel
1147 3699 1182 3753 de
1200 3714 1231 3752 re
1251 3715 1279 3768 p.
1301 3683 1373 3752 dis·¹

258 3802 383 3875 putatio,
409 3804 555 3876 praeterea
582 3799 606 3854 si
624 3797 692 3868 quid
710 3797 832 3870 eleganti
850 3800 899 3852 sut
916 3797 1003 3852 uerbo
1022 3794 1141 3851 notabili
1158 3794 1264 3849 dietum
1280 3791 1358 3848 uide·

260 3904 348 3968 retur,
367 3896 511 3970 excerpsi!
539 3895 610 3964 Quid
629 3895 718 3967 igitur
735 3892 879 3948 etFronto
897 3896 926 3947 et
944 3889 991 3961 qui
1008 3891 1148 3948 Ciceronis
1167 3908 1229 3961 epp.
1248 3888 1360 3944 adfam.

257 3998 310 4053 lib.
330 3995 439 4052 I-XII.
464 3993 630 4063 conseripsit
657 3991 711 4046 sibi
731 3993 936 4062 proposuerunt
959 3987 1014 4044 nisi
1031 3987 1155 4058 recipere
1173 4000 1362 4057 quaecumque

261 4094 308 4151 uel
326 4092 504 4150 delectabant
522 4089 567 4145 uel
585 4089 666 4144 utilia
683 4087 784 4144 erant?
1336 4097 1339 4102 ·

332 4193 375 4262 39)
397 4189 426 4246 Si
444 4189 505 4262 quis
521 4187 609 4242 libros
618 4183 705 4240 XIIII.
716 4187 746 4240 et
753 4181 824 4239 XVI.
843 4195 895 4254 pro
913 4179 1087 4253 primigeniis
1098 4179 1192 4250 habet,
1211 4179 1235 4233 is
1246 4193 1362 4234 neeesse

260 4305 321 4345 esse
337 4287 367 4342 in
385 4286 482 4343 eedem
500 4283 639 4340 sententia
656 4282 694 4337 sit
710 4281 835 4352 adparet.
